%YAML 1.1
%TAG !u! tag:unity3d.com,2011:
--- !u!1 &480385284741590141
GameObject:
  m_ObjectHideFlags: 0
  m_CorrespondingSourceObject: {fileID: 0}
  m_PrefabInstance: {fileID: 0}
  m_PrefabAsset: {fileID: 0}
  serializedVersion: 6
  m_Component:
  - component: {fileID: 4191280012004786478}
  m_Layer: 0
  m_Name: GameObject
  m_TagString: Untagged
  m_Icon: {fileID: 0}
  m_NavMeshLayer: 0
  m_StaticEditorFlags: 0
  m_IsActive: 1
--- !u!4 &4191280012004786478
Transform:
  m_ObjectHideFlags: 0
  m_CorrespondingSourceObject: {fileID: 0}
  m_PrefabInstance: {fileID: 0}
  m_PrefabAsset: {fileID: 0}
  m_GameObject: {fileID: 480385284741590141}
  m_LocalRotation: {x: 0, y: 0, z: 0, w: 1}
  m_LocalPosition: {x: 0, y: 0, z: 0}
  m_LocalScale: {x: 1, y: 1, z: 1}
  m_Children: []
  m_Father: {fileID: 3846068917130859879}
  m_RootOrder: 0
  m_LocalEulerAnglesHint: {x: 0, y: 0, z: 0}
--- !u!1 &1363862609358839930
GameObject:
  m_ObjectHideFlags: 0
  m_CorrespondingSourceObject: {fileID: 0}
  m_PrefabInstance: {fileID: 0}
  m_PrefabAsset: {fileID: 0}
  serializedVersion: 6
  m_Component:
  - component: {fileID: 4110971592478842207}
  - component: {fileID: 219583027684013834}
  m_Layer: 0
  m_Name: CenterOfRoom
  m_TagString: Untagged
  m_Icon: {fileID: 0}
  m_NavMeshLayer: 0
  m_StaticEditorFlags: 0
  m_IsActive: 1
--- !u!4 &4110971592478842207
Transform:
  m_ObjectHideFlags: 0
  m_CorrespondingSourceObject: {fileID: 0}
  m_PrefabInstance: {fileID: 0}
  m_PrefabAsset: {fileID: 0}
  m_GameObject: {fileID: 1363862609358839930}
  m_LocalRotation: {x: 0, y: 0, z: 0, w: 1}
  m_LocalPosition: {x: 0, y: 0, z: 0}
  m_LocalScale: {x: 1, y: 1, z: 1}
  m_Children: []
  m_Father: {fileID: 3463751047732768080}
  m_RootOrder: 0
  m_LocalEulerAnglesHint: {x: 0, y: 0, z: 0}
--- !u!114 &219583027684013834
MonoBehaviour:
  m_ObjectHideFlags: 0
  m_CorrespondingSourceObject: {fileID: 0}
  m_PrefabInstance: {fileID: 0}
  m_PrefabAsset: {fileID: 0}
  m_GameObject: {fileID: 1363862609358839930}
  m_Enabled: 1
  m_EditorHideFlags: 0
  m_Script: {fileID: 11500000, guid: 60152de8dadfb0d48bc56171f46a6d9e, type: 3}
  m_Name: 
  m_EditorClassIdentifier: 
  changeX: 1
  x: 4454.075
  changeY: 1
  y: 0.7350156
  changeFOV: 1
  fov: 50
  center: {fileID: 8331842349421125986}
--- !u!1 &1863653886883993322
GameObject:
  m_ObjectHideFlags: 0
  m_CorrespondingSourceObject: {fileID: 0}
  m_PrefabInstance: {fileID: 0}
  m_PrefabAsset: {fileID: 0}
  serializedVersion: 6
  m_Component:
  - component: {fileID: 3802388005146978321}
  - component: {fileID: 6443434934544414830}
  m_Layer: 0
  m_Name: LampCenter
  m_TagString: Untagged
  m_Icon: {fileID: 0}
  m_NavMeshLayer: 0
  m_StaticEditorFlags: 0
  m_IsActive: 1
--- !u!4 &3802388005146978321
Transform:
  m_ObjectHideFlags: 0
  m_CorrespondingSourceObject: {fileID: 0}
  m_PrefabInstance: {fileID: 0}
  m_PrefabAsset: {fileID: 0}
  m_GameObject: {fileID: 1863653886883993322}
  m_LocalRotation: {x: -0, y: -0, z: -0, w: 1}
  m_LocalPosition: {x: 0, y: 0, z: 0}
  m_LocalScale: {x: 1, y: 1, z: 1}
  m_Children: []
  m_Father: {fileID: 3463751047732768080}
  m_RootOrder: 1
  m_LocalEulerAnglesHint: {x: 0, y: 0, z: 0}
--- !u!114 &6443434934544414830
MonoBehaviour:
  m_ObjectHideFlags: 0
  m_CorrespondingSourceObject: {fileID: 0}
  m_PrefabInstance: {fileID: 0}
  m_PrefabAsset: {fileID: 0}
  m_GameObject: {fileID: 1863653886883993322}
  m_Enabled: 1
  m_EditorHideFlags: 0
  m_Script: {fileID: 11500000, guid: 60152de8dadfb0d48bc56171f46a6d9e, type: 3}
  m_Name: 
  m_EditorClassIdentifier: 
  changeX: 1
  x: 4453.0015
  changeY: 1
  y: 0.73596436
  changeFOV: 1
  fov: 11.102001
  center: {fileID: 5025792214039752456}
--- !u!1 &2193910612556807852
GameObject:
  m_ObjectHideFlags: 0
  m_CorrespondingSourceObject: {fileID: 0}
  m_PrefabInstance: {fileID: 0}
  m_PrefabAsset: {fileID: 0}
  serializedVersion: 6
  m_Component:
  - component: {fileID: 8331842349421125986}
  m_Layer: 0
  m_Name: CENTERMARKPOINT
  m_TagString: Untagged
  m_Icon: {fileID: 0}
  m_NavMeshLayer: 0
  m_StaticEditorFlags: 0
  m_IsActive: 1
--- !u!4 &8331842349421125986
Transform:
  m_ObjectHideFlags: 0
  m_CorrespondingSourceObject: {fileID: 0}
  m_PrefabInstance: {fileID: 0}
  m_PrefabAsset: {fileID: 0}
  m_GameObject: {fileID: 2193910612556807852}
  m_LocalRotation: {x: -0, y: -0, z: -0, w: 1}
  m_LocalPosition: {x: -0.002, y: 0.163, z: -0.001}
  m_LocalScale: {x: 0.01, y: 0.01, z: 0.01}
  m_Children: []
  m_Father: {fileID: 679363783003489711}
  m_RootOrder: 0
  m_LocalEulerAnglesHint: {x: 0, y: 0, z: 0}
--- !u!1 &2651370676774436808
GameObject:
  m_ObjectHideFlags: 0
  m_CorrespondingSourceObject: {fileID: 0}
  m_PrefabInstance: {fileID: 0}
  m_PrefabAsset: {fileID: 0}
  serializedVersion: 6
  m_Component:
  - component: {fileID: 4908460989321917601}
  m_Layer: 0
  m_Name: TableGroup
  m_TagString: Untagged
  m_Icon: {fileID: 0}
  m_NavMeshLayer: 0
  m_StaticEditorFlags: 0
  m_IsActive: 1
--- !u!4 &4908460989321917601
Transform:
  m_ObjectHideFlags: 0
  m_CorrespondingSourceObject: {fileID: 0}
  m_PrefabInstance: {fileID: 0}
  m_PrefabAsset: {fileID: 0}
  m_GameObject: {fileID: 2651370676774436808}
  m_LocalRotation: {x: 0, y: 0.7071068, z: 0, w: 0.7071068}
  m_LocalPosition: {x: 0.1069, y: 0.01, z: 0.0583}
  m_LocalScale: {x: 0.05, y: 0.08, z: 0.08}
  m_Children:
  - {fileID: 4019297406302104089}
  - {fileID: 3846068917130859879}
  m_Father: {fileID: 354348962065338359}
  m_RootOrder: 0
  m_LocalEulerAnglesHint: {x: 0, y: 90, z: 0}
--- !u!1 &3068695168020172722
GameObject:
  m_ObjectHideFlags: 0
  m_CorrespondingSourceObject: {fileID: 0}
  m_PrefabInstance: {fileID: 0}
  m_PrefabAsset: {fileID: 0}
  serializedVersion: 6
  m_Component:
  - component: {fileID: 3463751047732768080}
  m_Layer: 0
  m_Name: VIEW
  m_TagString: Untagged
  m_Icon: {fileID: 0}
  m_NavMeshLayer: 0
  m_StaticEditorFlags: 0
  m_IsActive: 1
--- !u!4 &3463751047732768080
Transform:
  m_ObjectHideFlags: 0
  m_CorrespondingSourceObject: {fileID: 0}
  m_PrefabInstance: {fileID: 0}
  m_PrefabAsset: {fileID: 0}
  m_GameObject: {fileID: 3068695168020172722}
  m_LocalRotation: {x: -0, y: -0, z: -0, w: 1}
  m_LocalPosition: {x: 0, y: 0, z: 0}
  m_LocalScale: {x: 1, y: 1, z: 1}
  m_Children:
  - {fileID: 4110971592478842207}
  - {fileID: 3802388005146978321}
  - {fileID: 5327169711713287182}
  - {fileID: 4406726232240652726}
  - {fileID: 679363783003489711}
  - {fileID: 5756826745919154953}
  m_Father: {fileID: 4860318770443370541}
  m_RootOrder: 1
  m_LocalEulerAnglesHint: {x: 0, y: 0, z: 0}
--- !u!1 &3696705993743448323
GameObject:
  m_ObjectHideFlags: 0
  m_CorrespondingSourceObject: {fileID: 0}
  m_PrefabInstance: {fileID: 0}
  m_PrefabAsset: {fileID: 0}
  serializedVersion: 6
  m_Component:
  - component: {fileID: 5756826745919154953}
  - component: {fileID: 9104598646301219922}
  m_Layer: 0
  m_Name: LightBulb_CameraNOChange
  m_TagString: Untagged
  m_Icon: {fileID: 0}
  m_NavMeshLayer: 0
  m_StaticEditorFlags: 0
  m_IsActive: 1
--- !u!4 &5756826745919154953
Transform:
  m_ObjectHideFlags: 0
  m_CorrespondingSourceObject: {fileID: 0}
  m_PrefabInstance: {fileID: 0}
  m_PrefabAsset: {fileID: 0}
  m_GameObject: {fileID: 3696705993743448323}
  m_LocalRotation: {x: -0, y: -0, z: -0, w: 1}
  m_LocalPosition: {x: 0, y: 0, z: 0}
  m_LocalScale: {x: 1, y: 1, z: 1}
  m_Children: []
  m_Father: {fileID: 3463751047732768080}
  m_RootOrder: 5
  m_LocalEulerAnglesHint: {x: 0, y: 0, z: 0}
--- !u!114 &9104598646301219922
MonoBehaviour:
  m_ObjectHideFlags: 0
  m_CorrespondingSourceObject: {fileID: 0}
  m_PrefabInstance: {fileID: 0}
  m_PrefabAsset: {fileID: 0}
  m_GameObject: {fileID: 3696705993743448323}
  m_Enabled: 1
  m_EditorHideFlags: 0
  m_Script: {fileID: 11500000, guid: 60152de8dadfb0d48bc56171f46a6d9e, type: 3}
  m_Name: 
  m_EditorClassIdentifier: 
  changeX: 1
  x: 4441.1567
  changeY: 1
  y: 0.43622726
  changeFOV: 1
  fov: 6
  center: {fileID: 7923947132794858270}
--- !u!1 &4474954143104635823
GameObject:
  m_ObjectHideFlags: 0
  m_CorrespondingSourceObject: {fileID: 0}
  m_PrefabInstance: {fileID: 0}
  m_PrefabAsset: {fileID: 0}
  serializedVersion: 6
  m_Component:
  - component: {fileID: 2053283258225650798}
  - component: {fileID: 8243467834474409177}
  - component: {fileID: 4535779358393528423}
  - component: {fileID: 4272593899906362455}
  m_Layer: 0
  m_Name: Stair
  m_TagString: Untagged
  m_Icon: {fileID: 0}
  m_NavMeshLayer: 0
  m_StaticEditorFlags: 0
  m_IsActive: 1
--- !u!4 &2053283258225650798
Transform:
  m_ObjectHideFlags: 0
  m_CorrespondingSourceObject: {fileID: 0}
  m_PrefabInstance: {fileID: 0}
  m_PrefabAsset: {fileID: 0}
  m_GameObject: {fileID: 4474954143104635823}
  m_LocalRotation: {x: -0, y: -0, z: -0, w: 1}
  m_LocalPosition: {x: -0.0755, y: 0.1609, z: -0.1221}
  m_LocalScale: {x: 0.1175, y: 0.00375, z: 0.032512505}
  m_Children: []
  m_Father: {fileID: 354348962065338359}
  m_RootOrder: 1
  m_LocalEulerAnglesHint: {x: 0, y: 0, z: 0}
--- !u!33 &8243467834474409177
MeshFilter:
  m_ObjectHideFlags: 0
  m_CorrespondingSourceObject: {fileID: 0}
  m_PrefabInstance: {fileID: 0}
  m_PrefabAsset: {fileID: 0}
  m_GameObject: {fileID: 4474954143104635823}
  m_Mesh: {fileID: 10202, guid: 0000000000000000e000000000000000, type: 0}
--- !u!23 &4535779358393528423
MeshRenderer:
  m_ObjectHideFlags: 0
  m_CorrespondingSourceObject: {fileID: 0}
  m_PrefabInstance: {fileID: 0}
  m_PrefabAsset: {fileID: 0}
  m_GameObject: {fileID: 4474954143104635823}
  m_Enabled: 1
  m_CastShadows: 1
  m_ReceiveShadows: 1
  m_DynamicOccludee: 1
  m_MotionVectors: 1
  m_LightProbeUsage: 1
  m_ReflectionProbeUsage: 1
  m_RayTracingMode: 2
  m_RayTraceProcedural: 0
  m_RenderingLayerMask: 1
  m_RendererPriority: 0
  m_Materials:
  - {fileID: 2100000, guid: a7862d5615928c34e868320de65c2777, type: 2}
  m_StaticBatchInfo:
    firstSubMesh: 0
    subMeshCount: 0
  m_StaticBatchRoot: {fileID: 0}
  m_ProbeAnchor: {fileID: 0}
  m_LightProbeVolumeOverride: {fileID: 0}
  m_ScaleInLightmap: 1
  m_ReceiveGI: 1
  m_PreserveUVs: 0
  m_IgnoreNormalsForChartDetection: 0
  m_ImportantGI: 0
  m_StitchLightmapSeams: 1
  m_SelectedEditorRenderState: 3
  m_MinimumChartSize: 4
  m_AutoUVMaxDistance: 0.5
  m_AutoUVMaxAngle: 89
  m_LightmapParameters: {fileID: 0}
  m_SortingLayerID: 0
  m_SortingLayer: 0
  m_SortingOrder: 0
  m_AdditionalVertexStreams: {fileID: 0}
--- !u!65 &4272593899906362455
BoxCollider:
  m_ObjectHideFlags: 0
  m_CorrespondingSourceObject: {fileID: 0}
  m_PrefabInstance: {fileID: 0}
  m_PrefabAsset: {fileID: 0}
  m_GameObject: {fileID: 4474954143104635823}
  m_Material: {fileID: 0}
  m_IsTrigger: 0
  m_Enabled: 1
  serializedVersion: 2
  m_Size: {x: 1, y: 1, z: 1}
  m_Center: {x: 0, y: 0, z: 0}
--- !u!1 &4668277094927266436
GameObject:
  m_ObjectHideFlags: 0
  m_CorrespondingSourceObject: {fileID: 0}
  m_PrefabInstance: {fileID: 0}
  m_PrefabAsset: {fileID: 0}
  serializedVersion: 6
  m_Component:
  - component: {fileID: 679363783003489711}
  m_Layer: 0
  m_Name: VIEWMARKPOINT
  m_TagString: Untagged
  m_Icon: {fileID: 0}
  m_NavMeshLayer: 0
  m_StaticEditorFlags: 0
  m_IsActive: 1
--- !u!4 &679363783003489711
Transform:
  m_ObjectHideFlags: 0
  m_CorrespondingSourceObject: {fileID: 0}
  m_PrefabInstance: {fileID: 0}
  m_PrefabAsset: {fileID: 0}
  m_GameObject: {fileID: 4668277094927266436}
  m_LocalRotation: {x: -0, y: -0, z: -0, w: 1}
  m_LocalPosition: {x: 0, y: 0.15206385, z: 0}
  m_LocalScale: {x: 1, y: 1, z: 1}
  m_Children:
  - {fileID: 8331842349421125986}
  m_Father: {fileID: 3463751047732768080}
  m_RootOrder: 4
  m_LocalEulerAnglesHint: {x: 0, y: 0, z: 0}
--- !u!1 &5810590002678305452
GameObject:
  m_ObjectHideFlags: 0
  m_CorrespondingSourceObject: {fileID: 0}
  m_PrefabInstance: {fileID: 0}
  m_PrefabAsset: {fileID: 0}
  serializedVersion: 6
  m_Component:
  - component: {fileID: 354348962065338359}
  m_Layer: 0
  m_Name: FurnitureGroup
  m_TagString: Untagged
  m_Icon: {fileID: 0}
  m_NavMeshLayer: 0
  m_StaticEditorFlags: 0
  m_IsActive: 1
--- !u!4 &354348962065338359
Transform:
  m_ObjectHideFlags: 0
  m_CorrespondingSourceObject: {fileID: 0}
  m_PrefabInstance: {fileID: 0}
  m_PrefabAsset: {fileID: 0}
  m_GameObject: {fileID: 5810590002678305452}
  m_LocalRotation: {x: 0, y: 0, z: 0, w: 1}
  m_LocalPosition: {x: 0, y: 0, z: 0}
  m_LocalScale: {x: 1, y: 1, z: 1}
  m_Children:
  - {fileID: 4908460989321917601}
  - {fileID: 2053283258225650798}
  - {fileID: 4273107042741709533}
  m_Father: {fileID: 5409454246588440286}
  m_RootOrder: 2
  m_LocalEulerAnglesHint: {x: 0, y: 0, z: 0}
--- !u!1 &5902115797757404290
GameObject:
  m_ObjectHideFlags: 0
  m_CorrespondingSourceObject: {fileID: 0}
  m_PrefabInstance: {fileID: 0}
  m_PrefabAsset: {fileID: 0}
  serializedVersion: 6
  m_Component:
  - component: {fileID: 5409454246588440286}
  m_Layer: 0
  m_Name: Environment
  m_TagString: Untagged
  m_Icon: {fileID: 0}
  m_NavMeshLayer: 0
  m_StaticEditorFlags: 0
  m_IsActive: 1
--- !u!4 &5409454246588440286
Transform:
  m_ObjectHideFlags: 0
  m_CorrespondingSourceObject: {fileID: 0}
  m_PrefabInstance: {fileID: 0}
  m_PrefabAsset: {fileID: 0}
  m_GameObject: {fileID: 5902115797757404290}
  m_LocalRotation: {x: 0, y: 0, z: 0, w: 1}
  m_LocalPosition: {x: 0, y: 0, z: 0}
  m_LocalScale: {x: 4, y: 4, z: 4}
  m_Children:
  - {fileID: 4012930846237600147}
  - {fileID: 4444998128068021080}
  - {fileID: 354348962065338359}
  m_Father: {fileID: 8405937780857733088}
  m_RootOrder: 0
  m_LocalEulerAnglesHint: {x: 0, y: 0, z: 0}
--- !u!1 &6842427321181032358
GameObject:
  m_ObjectHideFlags: 0
  m_CorrespondingSourceObject: {fileID: 0}
  m_PrefabInstance: {fileID: 0}
  m_PrefabAsset: {fileID: 0}
  serializedVersion: 6
  m_Component:
  - component: {fileID: 4406726232240652726}
  - component: {fileID: 8709971812283017458}
  m_Layer: 0
  m_Name: Plug
  m_TagString: Untagged
  m_Icon: {fileID: 0}
  m_NavMeshLayer: 0
  m_StaticEditorFlags: 0
  m_IsActive: 1
--- !u!4 &4406726232240652726
Transform:
  m_ObjectHideFlags: 0
  m_CorrespondingSourceObject: {fileID: 0}
  m_PrefabInstance: {fileID: 0}
  m_PrefabAsset: {fileID: 0}
  m_GameObject: {fileID: 6842427321181032358}
  m_LocalRotation: {x: -0, y: -0, z: -0, w: 1}
  m_LocalPosition: {x: 0, y: 0, z: 0}
  m_LocalScale: {x: 1, y: 1, z: 1}
  m_Children: []
  m_Father: {fileID: 3463751047732768080}
  m_RootOrder: 3
  m_LocalEulerAnglesHint: {x: 0, y: 0, z: 0}
--- !u!114 &8709971812283017458
MonoBehaviour:
  m_ObjectHideFlags: 0
  m_CorrespondingSourceObject: {fileID: 0}
  m_PrefabInstance: {fileID: 0}
  m_PrefabAsset: {fileID: 0}
  m_GameObject: {fileID: 6842427321181032358}
  m_Enabled: 1
  m_EditorHideFlags: 0
  m_Script: {fileID: 11500000, guid: 60152de8dadfb0d48bc56171f46a6d9e, type: 3}
  m_Name: 
  m_EditorClassIdentifier: 
  changeX: 1
  x: 4468.0073
  changeY: 1
  y: 0.667005
  changeFOV: 1
  fov: 6
  center: {fileID: 7542846065135347287}
--- !u!1 &7174811201900584251
GameObject:
  m_ObjectHideFlags: 0
  m_CorrespondingSourceObject: {fileID: 0}
  m_PrefabInstance: {fileID: 0}
  m_PrefabAsset: {fileID: 0}
  serializedVersion: 6
  m_Component:
  - component: {fileID: 4860318770443370541}
  - component: {fileID: 186426681191441595}
  - component: {fileID: 5455350937624072371}
  m_Layer: 0
  m_Name: BOOKROOM_LAMP_1
  m_TagString: Untagged
  m_Icon: {fileID: 0}
  m_NavMeshLayer: 0
  m_StaticEditorFlags: 0
  m_IsActive: 1
--- !u!4 &4860318770443370541
Transform:
  m_ObjectHideFlags: 0
  m_CorrespondingSourceObject: {fileID: 0}
  m_PrefabInstance: {fileID: 0}
  m_PrefabAsset: {fileID: 0}
  m_GameObject: {fileID: 7174811201900584251}
  m_LocalRotation: {x: 0, y: 0, z: 0, w: 1}
  m_LocalPosition: {x: 0, y: 0, z: 0}
  m_LocalScale: {x: 1, y: 1, z: 1}
  m_Children:
  - {fileID: 8405937780857733088}
  - {fileID: 3463751047732768080}
  - {fileID: 5486641095520498501}
  - {fileID: 9189146713996135759}
  - {fileID: 5564694001226305123}
  - {fileID: 4245230993752916651}
  m_Father: {fileID: 0}
  m_RootOrder: 0
  m_LocalEulerAnglesHint: {x: 0, y: 0, z: 0}
--- !u!114 &186426681191441595
MonoBehaviour:
  m_ObjectHideFlags: 0
  m_CorrespondingSourceObject: {fileID: 0}
  m_PrefabInstance: {fileID: 0}
  m_PrefabAsset: {fileID: 0}
  m_GameObject: {fileID: 7174811201900584251}
  m_Enabled: 1
  m_EditorHideFlags: 0
  m_Script: {fileID: 11500000, guid: 582d221b8eb2c3c488f5ec09bc7d860d, type: 3}
  m_Name: 
  m_EditorClassIdentifier: 
  tools:
  - HAND
  - CLOTH
  - WATER
--- !u!114 &5455350937624072371
MonoBehaviour:
  m_ObjectHideFlags: 0
  m_CorrespondingSourceObject: {fileID: 0}
  m_PrefabInstance: {fileID: 0}
  m_PrefabAsset: {fileID: 0}
  m_GameObject: {fileID: 7174811201900584251}
  m_Enabled: 1
  m_EditorHideFlags: 0
  m_Script: {fileID: 11500000, guid: 3a91ffecfb876f44787bc21f47289faf, type: 3}
  m_Name: 
  m_EditorClassIdentifier: 
  view: {fileID: 219583027684013834}
--- !u!1 &7291070761619118512
GameObject:
  m_ObjectHideFlags: 0
  m_CorrespondingSourceObject: {fileID: 0}
  m_PrefabInstance: {fileID: 0}
  m_PrefabAsset: {fileID: 0}
  serializedVersion: 6
  m_Component:
  - component: {fileID: 4273107042741709533}
  - component: {fileID: 3807150389633171176}
  - component: {fileID: 7353811762486145739}
  - component: {fileID: 7018701405245303047}
  m_Layer: 0
  m_Name: Stair (1)
  m_TagString: Untagged
  m_Icon: {fileID: 0}
  m_NavMeshLayer: 0
  m_StaticEditorFlags: 0
  m_IsActive: 1
--- !u!4 &4273107042741709533
Transform:
  m_ObjectHideFlags: 0
  m_CorrespondingSourceObject: {fileID: 0}
  m_PrefabInstance: {fileID: 0}
  m_PrefabAsset: {fileID: 0}
  m_GameObject: {fileID: 7291070761619118512}
  m_LocalRotation: {x: -0, y: -0, z: -0, w: 1}
  m_LocalPosition: {x: -0.0632, y: 0.1859, z: -0.1221}
  m_LocalScale: {x: 0.088125, y: 0.00375, z: 0.032512505}
  m_Children: []
  m_Father: {fileID: 354348962065338359}
  m_RootOrder: 2
  m_LocalEulerAnglesHint: {x: 0, y: 0, z: 0}
--- !u!33 &3807150389633171176
MeshFilter:
  m_ObjectHideFlags: 0
  m_CorrespondingSourceObject: {fileID: 0}
  m_PrefabInstance: {fileID: 0}
  m_PrefabAsset: {fileID: 0}
  m_GameObject: {fileID: 7291070761619118512}
  m_Mesh: {fileID: 10202, guid: 0000000000000000e000000000000000, type: 0}
--- !u!23 &7353811762486145739
MeshRenderer:
  m_ObjectHideFlags: 0
  m_CorrespondingSourceObject: {fileID: 0}
  m_PrefabInstance: {fileID: 0}
  m_PrefabAsset: {fileID: 0}
  m_GameObject: {fileID: 7291070761619118512}
  m_Enabled: 1
  m_CastShadows: 1
  m_ReceiveShadows: 1
  m_DynamicOccludee: 1
  m_MotionVectors: 1
  m_LightProbeUsage: 1
  m_ReflectionProbeUsage: 1
  m_RayTracingMode: 2
  m_RayTraceProcedural: 0
  m_RenderingLayerMask: 1
  m_RendererPriority: 0
  m_Materials:
  - {fileID: 2100000, guid: a7862d5615928c34e868320de65c2777, type: 2}
  m_StaticBatchInfo:
    firstSubMesh: 0
    subMeshCount: 0
  m_StaticBatchRoot: {fileID: 0}
  m_ProbeAnchor: {fileID: 0}
  m_LightProbeVolumeOverride: {fileID: 0}
  m_ScaleInLightmap: 1
  m_ReceiveGI: 1
  m_PreserveUVs: 0
  m_IgnoreNormalsForChartDetection: 0
  m_ImportantGI: 0
  m_StitchLightmapSeams: 1
  m_SelectedEditorRenderState: 3
  m_MinimumChartSize: 4
  m_AutoUVMaxDistance: 0.5
  m_AutoUVMaxAngle: 89
  m_LightmapParameters: {fileID: 0}
  m_SortingLayerID: 0
  m_SortingLayer: 0
  m_SortingOrder: 0
  m_AdditionalVertexStreams: {fileID: 0}
--- !u!65 &7018701405245303047
BoxCollider:
  m_ObjectHideFlags: 0
  m_CorrespondingSourceObject: {fileID: 0}
  m_PrefabInstance: {fileID: 0}
  m_PrefabAsset: {fileID: 0}
  m_GameObject: {fileID: 7291070761619118512}
  m_Material: {fileID: 0}
  m_IsTrigger: 0
  m_Enabled: 1
  serializedVersion: 2
  m_Size: {x: 1, y: 1, z: 1}
  m_Center: {x: 0, y: 0, z: 0}
--- !u!1 &7338592733074157457
GameObject:
  m_ObjectHideFlags: 0
  m_CorrespondingSourceObject: {fileID: 0}
  m_PrefabInstance: {fileID: 0}
  m_PrefabAsset: {fileID: 0}
  serializedVersion: 6
  m_Component:
  - component: {fileID: 5327169711713287182}
  - component: {fileID: 1060364498462774468}
  m_Layer: 0
  m_Name: LightBulb
  m_TagString: Untagged
  m_Icon: {fileID: 0}
  m_NavMeshLayer: 0
  m_StaticEditorFlags: 0
  m_IsActive: 1
--- !u!4 &5327169711713287182
Transform:
  m_ObjectHideFlags: 0
  m_CorrespondingSourceObject: {fileID: 0}
  m_PrefabInstance: {fileID: 0}
  m_PrefabAsset: {fileID: 0}
  m_GameObject: {fileID: 7338592733074157457}
  m_LocalRotation: {x: -0, y: -0, z: -0, w: 1}
  m_LocalPosition: {x: 0, y: 0, z: 0}
  m_LocalScale: {x: 1, y: 1, z: 1}
  m_Children: []
  m_Father: {fileID: 3463751047732768080}
  m_RootOrder: 2
  m_LocalEulerAnglesHint: {x: 0, y: 0, z: 0}
--- !u!114 &1060364498462774468
MonoBehaviour:
  m_ObjectHideFlags: 0
  m_CorrespondingSourceObject: {fileID: 0}
  m_PrefabInstance: {fileID: 0}
  m_PrefabAsset: {fileID: 0}
  m_GameObject: {fileID: 7338592733074157457}
  m_Enabled: 1
  m_EditorHideFlags: 0
  m_Script: {fileID: 11500000, guid: 60152de8dadfb0d48bc56171f46a6d9e, type: 3}
  m_Name: 
  m_EditorClassIdentifier: 
  changeX: 1
  x: 4446.643
  changeY: 1
  y: 0.40002778
  changeFOV: 1
  fov: 6
  center: {fileID: 7923947132794858270}
--- !u!1 &8927729673071374600
GameObject:
  m_ObjectHideFlags: 0
  m_CorrespondingSourceObject: {fileID: 0}
  m_PrefabInstance: {fileID: 0}
  m_PrefabAsset: {fileID: 0}
  serializedVersion: 6
  m_Component:
  - component: {fileID: 8405937780857733088}
  m_Layer: 0
  m_Name: MODELS
  m_TagString: Untagged
  m_Icon: {fileID: 0}
  m_NavMeshLayer: 0
  m_StaticEditorFlags: 0
  m_IsActive: 1
--- !u!4 &8405937780857733088
Transform:
  m_ObjectHideFlags: 0
  m_CorrespondingSourceObject: {fileID: 0}
  m_PrefabInstance: {fileID: 0}
  m_PrefabAsset: {fileID: 0}
  m_GameObject: {fileID: 8927729673071374600}
  m_LocalRotation: {x: -0, y: -0, z: -0, w: 1}
  m_LocalPosition: {x: 0, y: 0, z: 0}
  m_LocalScale: {x: 1, y: 1, z: 1}
  m_Children:
  - {fileID: 5409454246588440286}
  m_Father: {fileID: 4860318770443370541}
  m_RootOrder: 0
  m_LocalEulerAnglesHint: {x: 0, y: 0, z: 0}
--- !u!1001 &784052944161439844
PrefabInstance:
  m_ObjectHideFlags: 0
  serializedVersion: 2
  m_Modification:
    m_TransformParent: {fileID: 4860318770443370541}
    m_Modifications:
    - target: {fileID: 8459989633451692299, guid: fcaa939816204e64c975b0e1c9b0c87e, type: 3}
      propertyPath: m_Name
      value: coffee-cup
      objectReference: {fileID: 0}
    - target: {fileID: 8459989633452182827, guid: fcaa939816204e64c975b0e1c9b0c87e, type: 3}
      propertyPath: m_RootOrder
      value: 3
      objectReference: {fileID: 0}
    - target: {fileID: 8459989633452182827, guid: fcaa939816204e64c975b0e1c9b0c87e, type: 3}
      propertyPath: m_LocalScale.x
      value: 0.4
      objectReference: {fileID: 0}
    - target: {fileID: 8459989633452182827, guid: fcaa939816204e64c975b0e1c9b0c87e, type: 3}
      propertyPath: m_LocalScale.y
      value: 0.4
      objectReference: {fileID: 0}
    - target: {fileID: 8459989633452182827, guid: fcaa939816204e64c975b0e1c9b0c87e, type: 3}
      propertyPath: m_LocalScale.z
      value: 0.4
      objectReference: {fileID: 0}
    - target: {fileID: 8459989633452182827, guid: fcaa939816204e64c975b0e1c9b0c87e, type: 3}
      propertyPath: m_LocalPosition.x
      value: 0.482
      objectReference: {fileID: 0}
    - target: {fileID: 8459989633452182827, guid: fcaa939816204e64c975b0e1c9b0c87e, type: 3}
      propertyPath: m_LocalPosition.y
      value: 0.296
      objectReference: {fileID: 0}
    - target: {fileID: 8459989633452182827, guid: fcaa939816204e64c975b0e1c9b0c87e, type: 3}
      propertyPath: m_LocalPosition.z
      value: 0.3898
      objectReference: {fileID: 0}
    - target: {fileID: 8459989633452182827, guid: fcaa939816204e64c975b0e1c9b0c87e, type: 3}
      propertyPath: m_LocalRotation.w
      value: 0.86696345
      objectReference: {fileID: 0}
    - target: {fileID: 8459989633452182827, guid: fcaa939816204e64c975b0e1c9b0c87e, type: 3}
      propertyPath: m_LocalRotation.x
      value: -0
      objectReference: {fileID: 0}
    - target: {fileID: 8459989633452182827, guid: fcaa939816204e64c975b0e1c9b0c87e, type: 3}
      propertyPath: m_LocalRotation.y
      value: 0.4983717
      objectReference: {fileID: 0}
    - target: {fileID: 8459989633452182827, guid: fcaa939816204e64c975b0e1c9b0c87e, type: 3}
      propertyPath: m_LocalRotation.z
      value: -0
      objectReference: {fileID: 0}
    - target: {fileID: 8459989633452182827, guid: fcaa939816204e64c975b0e1c9b0c87e, type: 3}
      propertyPath: m_LocalEulerAnglesHint.x
      value: 0
      objectReference: {fileID: 0}
    - target: {fileID: 8459989633452182827, guid: fcaa939816204e64c975b0e1c9b0c87e, type: 3}
      propertyPath: m_LocalEulerAnglesHint.y
      value: 59.785
      objectReference: {fileID: 0}
    - target: {fileID: 8459989633452182827, guid: fcaa939816204e64c975b0e1c9b0c87e, type: 3}
      propertyPath: m_LocalEulerAnglesHint.z
      value: 0
      objectReference: {fileID: 0}
    m_RemovedComponents: []
  m_SourcePrefab: {fileID: 100100000, guid: fcaa939816204e64c975b0e1c9b0c87e, type: 3}
--- !u!4 &9189146713996135759 stripped
Transform:
  m_CorrespondingSourceObject: {fileID: 8459989633452182827, guid: fcaa939816204e64c975b0e1c9b0c87e, type: 3}
  m_PrefabInstance: {fileID: 784052944161439844}
  m_PrefabAsset: {fileID: 0}
--- !u!1001 &928118961599729223
PrefabInstance:
  m_ObjectHideFlags: 0
  serializedVersion: 2
  m_Modification:
    m_TransformParent: {fileID: 4860318770443370541}
    m_Modifications:
    - target: {fileID: 2076648426021300723, guid: 8380580cd83744b49a222942e1ac4195, type: 3}
      propertyPath: m_Enabled
      value: 0
      objectReference: {fileID: 0}
    - target: {fileID: 2824547457968912870, guid: 8380580cd83744b49a222942e1ac4195, type: 3}
      propertyPath: m_Name
      value: LED LIGHT LAMP
      objectReference: {fileID: 0}
    - target: {fileID: 3894277081897094380, guid: 8380580cd83744b49a222942e1ac4195, type: 3}
      propertyPath: m_RootOrder
      value: 5
      objectReference: {fileID: 0}
    - target: {fileID: 3894277081897094380, guid: 8380580cd83744b49a222942e1ac4195, type: 3}
      propertyPath: m_LocalScale.x
      value: 0.7
      objectReference: {fileID: 0}
    - target: {fileID: 3894277081897094380, guid: 8380580cd83744b49a222942e1ac4195, type: 3}
      propertyPath: m_LocalScale.y
      value: 0.7
      objectReference: {fileID: 0}
    - target: {fileID: 3894277081897094380, guid: 8380580cd83744b49a222942e1ac4195, type: 3}
      propertyPath: m_LocalScale.z
      value: 0.7
      objectReference: {fileID: 0}
    - target: {fileID: 3894277081897094380, guid: 8380580cd83744b49a222942e1ac4195, type: 3}
      propertyPath: m_LocalPosition.x
      value: 0.413
      objectReference: {fileID: 0}
    - target: {fileID: 3894277081897094380, guid: 8380580cd83744b49a222942e1ac4195, type: 3}
      propertyPath: m_LocalPosition.y
      value: 0.29600006
      objectReference: {fileID: 0}
    - target: {fileID: 3894277081897094380, guid: 8380580cd83744b49a222942e1ac4195, type: 3}
      propertyPath: m_LocalPosition.z
      value: 0.060693502
      objectReference: {fileID: 0}
    - target: {fileID: 3894277081897094380, guid: 8380580cd83744b49a222942e1ac4195, type: 3}
      propertyPath: m_LocalRotation.w
      value: 0
      objectReference: {fileID: 0}
    - target: {fileID: 3894277081897094380, guid: 8380580cd83744b49a222942e1ac4195, type: 3}
      propertyPath: m_LocalRotation.x
      value: 0
      objectReference: {fileID: 0}
    - target: {fileID: 3894277081897094380, guid: 8380580cd83744b49a222942e1ac4195, type: 3}
      propertyPath: m_LocalRotation.y
      value: 1
      objectReference: {fileID: 0}
    - target: {fileID: 3894277081897094380, guid: 8380580cd83744b49a222942e1ac4195, type: 3}
      propertyPath: m_LocalRotation.z
      value: 0
      objectReference: {fileID: 0}
    - target: {fileID: 3894277081897094380, guid: 8380580cd83744b49a222942e1ac4195, type: 3}
      propertyPath: m_LocalEulerAnglesHint.x
      value: 0
      objectReference: {fileID: 0}
    - target: {fileID: 3894277081897094380, guid: 8380580cd83744b49a222942e1ac4195, type: 3}
      propertyPath: m_LocalEulerAnglesHint.y
      value: 180
      objectReference: {fileID: 0}
    - target: {fileID: 3894277081897094380, guid: 8380580cd83744b49a222942e1ac4195, type: 3}
      propertyPath: m_LocalEulerAnglesHint.z
      value: 0
      objectReference: {fileID: 0}
    - target: {fileID: 5784286709636730345, guid: 8380580cd83744b49a222942e1ac4195, type: 3}
      propertyPath: fsm.preprocessed
      value: 0
      objectReference: {fileID: 0}
    - target: {fileID: 5784286709636730345, guid: 8380580cd83744b49a222942e1ac4195, type: 3}
      propertyPath: fsm.states.Array.data[3].description
      value: "\u0E16\u0E2D\u0E14\u0E2B\u0E25\u0E2D\u0E14\u0E44\u0E1F"
      objectReference: {fileID: 0}
    - target: {fileID: 5784286709636730345, guid: 8380580cd83744b49a222942e1ac4195, type: 3}
      propertyPath: fsm.states.Array.data[5].description
      value: "\u0E43\u0E0A\u0E49\u0E1C\u0E49\u0E32\u0E40\u0E1B\u0E35\u0E22\u0E01\u0E40\u0E0A\u0E47\u0E14\u0E2B\u0E25\u0E2D\u0E14\u0E44\u0E1F"
      objectReference: {fileID: 0}
    - target: {fileID: 5784286709636730345, guid: 8380580cd83744b49a222942e1ac4195, type: 3}
      propertyPath: fsm.states.Array.data[7].description
      value: "\u0E43\u0E2A\u0E48\u0E2B\u0E25\u0E2D\u0E14\u0E44\u0E1F\u0E01\u0E25\u0E31\u0E1A"
      objectReference: {fileID: 0}
    - target: {fileID: 5784286709636730345, guid: 8380580cd83744b49a222942e1ac4195, type: 3}
      propertyPath: fsm.states.Array.data[9].description
      value: "\u0E40\u0E2A\u0E35\u0E22\u0E1A\u0E1B\u0E25\u0E31\u0E4A\u0E01\u0E44\u0E1F"
      objectReference: {fileID: 0}
    - target: {fileID: 5784286709636730345, guid: 8380580cd83744b49a222942e1ac4195, type: 3}
      propertyPath: fsm.states.Array.data[12].description
      value: "\u0E43\u0E0A\u0E49\u0E1C\u0E49\u0E32\u0E41\u0E2B\u0E49\u0E07\u0E40\u0E0A\u0E47\u0E14\u0E2B\u0E25\u0E2D\u0E14\u0E44\u0E1F"
      objectReference: {fileID: 0}
    - target: {fileID: 5784286709636730345, guid: 8380580cd83744b49a222942e1ac4195, type: 3}
      propertyPath: fsm.states.Array.data[5].position.width
      value: 131.5
      objectReference: {fileID: 0}
    - target: {fileID: 5784286709636730345, guid: 8380580cd83744b49a222942e1ac4195, type: 3}
      propertyPath: fsm.states.Array.data[7].position.width
      value: 111
      objectReference: {fileID: 0}
    - target: {fileID: 5784286709636730345, guid: 8380580cd83744b49a222942e1ac4195, type: 3}
      propertyPath: fsm.states.Array.data[12].position.width
      value: 136
      objectReference: {fileID: 0}
    - target: {fileID: 5784286709636730345, guid: 8380580cd83744b49a222942e1ac4195, type: 3}
      propertyPath: fsm.states.Array.data[4].actionData.actionIsOpen.Array.data[2]
      value: 1
      objectReference: {fileID: 0}
    - target: {fileID: 5784286709636730345, guid: 8380580cd83744b49a222942e1ac4195, type: 3}
      propertyPath: fsm.states.Array.data[4].actionData.actionIsOpen.Array.data[3]
      value: 1
      objectReference: {fileID: 0}
    - target: {fileID: 5784286709636730345, guid: 8380580cd83744b49a222942e1ac4195, type: 3}
      propertyPath: fsm.states.Array.data[6].actionData.actionIsOpen.Array.data[3]
      value: 0
      objectReference: {fileID: 0}
    - target: {fileID: 5784286709636730345, guid: 8380580cd83744b49a222942e1ac4195, type: 3}
      propertyPath: fsm.states.Array.data[8].actionData.actionIsOpen.Array.data[2]
      value: 1
      objectReference: {fileID: 0}
    - target: {fileID: 5784286709636730345, guid: 8380580cd83744b49a222942e1ac4195, type: 3}
      propertyPath: fsm.states.Array.data[8].actionData.actionIsOpen.Array.data[3]
      value: 1
      objectReference: {fileID: 0}
    - target: {fileID: 5784286709636730345, guid: 8380580cd83744b49a222942e1ac4195, type: 3}
      propertyPath: fsm.states.Array.data[13].actionData.actionIsOpen.Array.data[2]
      value: 1
      objectReference: {fileID: 0}
    - target: {fileID: 5784286709636730345, guid: 8380580cd83744b49a222942e1ac4195, type: 3}
      propertyPath: fsm.states.Array.data[13].actionData.actionIsOpen.Array.data[3]
      value: 1
      objectReference: {fileID: 0}
    - target: {fileID: 5784286709636730345, guid: 8380580cd83744b49a222942e1ac4195, type: 3}
      propertyPath: fsm.states.Array.data[2].actionData.actionEnabled.Array.data[2]
      value: 1
      objectReference: {fileID: 0}
    - target: {fileID: 5784286709636730345, guid: 8380580cd83744b49a222942e1ac4195, type: 3}
      propertyPath: fsm.states.Array.data[2].actionData.actionEnabled.Array.data[3]
      value: 1
      objectReference: {fileID: 0}
    - target: {fileID: 5784286709636730345, guid: 8380580cd83744b49a222942e1ac4195, type: 3}
      propertyPath: fsm.states.Array.data[4].actionData.actionEnabled.Array.data[2]
      value: 1
      objectReference: {fileID: 0}
    - target: {fileID: 5784286709636730345, guid: 8380580cd83744b49a222942e1ac4195, type: 3}
      propertyPath: fsm.states.Array.data[4].actionData.actionEnabled.Array.data[3]
      value: 1
      objectReference: {fileID: 0}
    - target: {fileID: 5784286709636730345, guid: 8380580cd83744b49a222942e1ac4195, type: 3}
      propertyPath: fsm.states.Array.data[8].actionData.actionEnabled.Array.data[2]
      value: 1
      objectReference: {fileID: 0}
    - target: {fileID: 5784286709636730345, guid: 8380580cd83744b49a222942e1ac4195, type: 3}
      propertyPath: fsm.states.Array.data[8].actionData.actionEnabled.Array.data[3]
      value: 1
      objectReference: {fileID: 0}
    - target: {fileID: 5784286709636730345, guid: 8380580cd83744b49a222942e1ac4195, type: 3}
      propertyPath: fsm.states.Array.data[10].actionData.actionEnabled.Array.data[1]
      value: 1
      objectReference: {fileID: 0}
    - target: {fileID: 5784286709636730345, guid: 8380580cd83744b49a222942e1ac4195, type: 3}
      propertyPath: fsm.states.Array.data[13].actionData.actionEnabled.Array.data[2]
      value: 1
      objectReference: {fileID: 0}
    - target: {fileID: 5784286709636730345, guid: 8380580cd83744b49a222942e1ac4195, type: 3}
      propertyPath: fsm.states.Array.data[13].actionData.actionEnabled.Array.data[3]
      value: 1
      objectReference: {fileID: 0}
    - target: {fileID: 5784286709636730345, guid: 8380580cd83744b49a222942e1ac4195, type: 3}
      propertyPath: fsm.states.Array.data[2].actionData.fsmOwnerDefaultParams.Array.data[0].gameObject.value
      value: 
      objectReference: {fileID: 4745883214187782871}
    - target: {fileID: 5784286709636730345, guid: 8380580cd83744b49a222942e1ac4195, type: 3}
      propertyPath: fsm.states.Array.data[2].actionData.fsmOwnerDefaultParams.Array.data[1].gameObject.value
      value: 
      objectReference: {fileID: 7338592733074157457}
    - target: {fileID: 5784286709636730345, guid: 8380580cd83744b49a222942e1ac4195, type: 3}
      propertyPath: fsm.states.Array.data[4].actionData.fsmOwnerDefaultParams.Array.data[0].gameObject.value
      value: 
      objectReference: {fileID: 4745883214187782871}
    - target: {fileID: 5784286709636730345, guid: 8380580cd83744b49a222942e1ac4195, type: 3}
      propertyPath: fsm.states.Array.data[4].actionData.fsmOwnerDefaultParams.Array.data[1].gameObject.value
      value: 
      objectReference: {fileID: 1863653886883993322}
    - target: {fileID: 5784286709636730345, guid: 8380580cd83744b49a222942e1ac4195, type: 3}
      propertyPath: fsm.states.Array.data[8].actionData.fsmOwnerDefaultParams.Array.data[0].gameObject.value
      value: 
      objectReference: {fileID: 4745883214187782871}
    - target: {fileID: 5784286709636730345, guid: 8380580cd83744b49a222942e1ac4195, type: 3}
      propertyPath: fsm.states.Array.data[8].actionData.fsmOwnerDefaultParams.Array.data[1].gameObject.value
      value: 
      objectReference: {fileID: 1863653886883993322}
    - target: {fileID: 5784286709636730345, guid: 8380580cd83744b49a222942e1ac4195, type: 3}
      propertyPath: fsm.states.Array.data[10].actionData.fsmOwnerDefaultParams.Array.data[0].gameObject.value
      value: 
      objectReference: {fileID: 8512648756071646706}
    - target: {fileID: 5784286709636730345, guid: 8380580cd83744b49a222942e1ac4195, type: 3}
      propertyPath: fsm.states.Array.data[13].actionData.fsmOwnerDefaultParams.Array.data[0].gameObject.value
      value: 
      objectReference: {fileID: 4745883214187782871}
    - target: {fileID: 5784286709636730345, guid: 8380580cd83744b49a222942e1ac4195, type: 3}
      propertyPath: fsm.states.Array.data[13].actionData.fsmOwnerDefaultParams.Array.data[1].gameObject.value
      value: 
      objectReference: {fileID: 3696705993743448323}
    - target: {fileID: 8814060177295635711, guid: 8380580cd83744b49a222942e1ac4195, type: 3}
      propertyPath: m_Enabled
      value: 0
      objectReference: {fileID: 0}
    m_RemovedComponents: []
  m_SourcePrefab: {fileID: 100100000, guid: 8380580cd83744b49a222942e1ac4195, type: 3}
--- !u!4 &4245230993752916651 stripped
Transform:
  m_CorrespondingSourceObject: {fileID: 3894277081897094380, guid: 8380580cd83744b49a222942e1ac4195, type: 3}
  m_PrefabInstance: {fileID: 928118961599729223}
  m_PrefabAsset: {fileID: 0}
--- !u!4 &5025792214039752456 stripped
Transform:
  m_CorrespondingSourceObject: {fileID: 5286773114732519759, guid: 8380580cd83744b49a222942e1ac4195, type: 3}
  m_PrefabInstance: {fileID: 928118961599729223}
  m_PrefabAsset: {fileID: 0}
--- !u!4 &7923947132794858270 stripped
Transform:
  m_CorrespondingSourceObject: {fileID: 6996012889224160601, guid: 8380580cd83744b49a222942e1ac4195, type: 3}
  m_PrefabInstance: {fileID: 928118961599729223}
  m_PrefabAsset: {fileID: 0}
--- !u!4 &7542846065135347287 stripped
Transform:
  m_CorrespondingSourceObject: {fileID: 7227368996560742416, guid: 8380580cd83744b49a222942e1ac4195, type: 3}
  m_PrefabInstance: {fileID: 928118961599729223}
  m_PrefabAsset: {fileID: 0}
--- !u!1 &4745883214187782871 stripped
GameObject:
  m_CorrespondingSourceObject: {fileID: 5565768422552382608, guid: 8380580cd83744b49a222942e1ac4195, type: 3}
  m_PrefabInstance: {fileID: 928118961599729223}
  m_PrefabAsset: {fileID: 0}
--- !u!1 &8512648756071646706 stripped
GameObject:
  m_CorrespondingSourceObject: {fileID: 8845729057911245749, guid: 8380580cd83744b49a222942e1ac4195, type: 3}
  m_PrefabInstance: {fileID: 928118961599729223}
  m_PrefabAsset: {fileID: 0}
--- !u!1001 &3475215589877632632
PrefabInstance:
  m_ObjectHideFlags: 0
  serializedVersion: 2
  m_Modification:
    m_TransformParent: {fileID: 5409454246588440286}
    m_Modifications:
    - target: {fileID: -8679921383154817045, guid: 013456bb1f909bd4f93d01448ff74e4a, type: 3}
      propertyPath: m_RootOrder
      value: 0
      objectReference: {fileID: 0}
    - target: {fileID: -8679921383154817045, guid: 013456bb1f909bd4f93d01448ff74e4a, type: 3}
      propertyPath: m_LocalPosition.x
      value: 0
      objectReference: {fileID: 0}
    - target: {fileID: -8679921383154817045, guid: 013456bb1f909bd4f93d01448ff74e4a, type: 3}
      propertyPath: m_LocalPosition.y
      value: 0
      objectReference: {fileID: 0}
    - target: {fileID: -8679921383154817045, guid: 013456bb1f909bd4f93d01448ff74e4a, type: 3}
      propertyPath: m_LocalPosition.z
      value: 0
      objectReference: {fileID: 0}
    - target: {fileID: -8679921383154817045, guid: 013456bb1f909bd4f93d01448ff74e4a, type: 3}
      propertyPath: m_LocalRotation.w
      value: 1
      objectReference: {fileID: 0}
    - target: {fileID: -8679921383154817045, guid: 013456bb1f909bd4f93d01448ff74e4a, type: 3}
      propertyPath: m_LocalRotation.x
      value: -0
      objectReference: {fileID: 0}
    - target: {fileID: -8679921383154817045, guid: 013456bb1f909bd4f93d01448ff74e4a, type: 3}
      propertyPath: m_LocalRotation.y
      value: -0
      objectReference: {fileID: 0}
    - target: {fileID: -8679921383154817045, guid: 013456bb1f909bd4f93d01448ff74e4a, type: 3}
      propertyPath: m_LocalRotation.z
      value: -0
      objectReference: {fileID: 0}
    - target: {fileID: -8679921383154817045, guid: 013456bb1f909bd4f93d01448ff74e4a, type: 3}
      propertyPath: m_LocalEulerAnglesHint.x
      value: 0
      objectReference: {fileID: 0}
    - target: {fileID: -8679921383154817045, guid: 013456bb1f909bd4f93d01448ff74e4a, type: 3}
      propertyPath: m_LocalEulerAnglesHint.y
      value: 0
      objectReference: {fileID: 0}
    - target: {fileID: -8679921383154817045, guid: 013456bb1f909bd4f93d01448ff74e4a, type: 3}
      propertyPath: m_LocalEulerAnglesHint.z
      value: 0
      objectReference: {fileID: 0}
    - target: {fileID: -7511558181221131132, guid: 013456bb1f909bd4f93d01448ff74e4a, type: 3}
      propertyPath: m_Materials.Array.data[0]
      value: 
      objectReference: {fileID: 2100000, guid: 63df7e5756f972c4797b691564ae6c0c, type: 2}
    - target: {fileID: 919132149155446097, guid: 013456bb1f909bd4f93d01448ff74e4a, type: 3}
      propertyPath: m_Name
      value: base_gameplay_room
      objectReference: {fileID: 0}
    - target: {fileID: 919132149155446097, guid: 013456bb1f909bd4f93d01448ff74e4a, type: 3}
      propertyPath: m_IsActive
      value: 1
      objectReference: {fileID: 0}
    m_RemovedComponents: []
  m_SourcePrefab: {fileID: 100100000, guid: 013456bb1f909bd4f93d01448ff74e4a, type: 3}
--- !u!4 &4012930846237600147 stripped
Transform:
  m_CorrespondingSourceObject: {fileID: -8679921383154817045, guid: 013456bb1f909bd4f93d01448ff74e4a, type: 3}
  m_PrefabInstance: {fileID: 3475215589877632632}
  m_PrefabAsset: {fileID: 0}
--- !u!1001 &3841740349282718357
PrefabInstance:
  m_ObjectHideFlags: 0
  serializedVersion: 2
  m_Modification:
    m_TransformParent: {fileID: 4908460989321917601}
    m_Modifications:
    - target: {fileID: 1142150235287386, guid: 0f9866448112842e784d5f4a847ad24a, type: 3}
      propertyPath: m_Name
      value: chair-dining
      objectReference: {fileID: 0}
    - target: {fileID: 4328999627622386, guid: 0f9866448112842e784d5f4a847ad24a, type: 3}
      propertyPath: m_RootOrder
      value: 1
      objectReference: {fileID: 0}
    - target: {fileID: 4328999627622386, guid: 0f9866448112842e784d5f4a847ad24a, type: 3}
      propertyPath: m_LocalScale.x
      value: 1.4
      objectReference: {fileID: 0}
    - target: {fileID: 4328999627622386, guid: 0f9866448112842e784d5f4a847ad24a, type: 3}
      propertyPath: m_LocalScale.y
      value: 0.875
      objectReference: {fileID: 0}
    - target: {fileID: 4328999627622386, guid: 0f9866448112842e784d5f4a847ad24a, type: 3}
      propertyPath: m_LocalScale.z
      value: 0.875
      objectReference: {fileID: 0}
    - target: {fileID: 4328999627622386, guid: 0f9866448112842e784d5f4a847ad24a, type: 3}
      propertyPath: m_LocalPosition.x
      value: 0
      objectReference: {fileID: 0}
    - target: {fileID: 4328999627622386, guid: 0f9866448112842e784d5f4a847ad24a, type: 3}
      propertyPath: m_LocalPosition.y
      value: 0
      objectReference: {fileID: 0}
    - target: {fileID: 4328999627622386, guid: 0f9866448112842e784d5f4a847ad24a, type: 3}
      propertyPath: m_LocalPosition.z
      value: -0.63624996
      objectReference: {fileID: 0}
    - target: {fileID: 4328999627622386, guid: 0f9866448112842e784d5f4a847ad24a, type: 3}
      propertyPath: m_LocalRotation.w
      value: 1
      objectReference: {fileID: 0}
    - target: {fileID: 4328999627622386, guid: 0f9866448112842e784d5f4a847ad24a, type: 3}
      propertyPath: m_LocalRotation.x
      value: -0
      objectReference: {fileID: 0}
    - target: {fileID: 4328999627622386, guid: 0f9866448112842e784d5f4a847ad24a, type: 3}
      propertyPath: m_LocalRotation.y
      value: -0
      objectReference: {fileID: 0}
    - target: {fileID: 4328999627622386, guid: 0f9866448112842e784d5f4a847ad24a, type: 3}
      propertyPath: m_LocalRotation.z
      value: -0
      objectReference: {fileID: 0}
    - target: {fileID: 4328999627622386, guid: 0f9866448112842e784d5f4a847ad24a, type: 3}
      propertyPath: m_LocalEulerAnglesHint.x
      value: 0
      objectReference: {fileID: 0}
    - target: {fileID: 4328999627622386, guid: 0f9866448112842e784d5f4a847ad24a, type: 3}
      propertyPath: m_LocalEulerAnglesHint.y
      value: 0
      objectReference: {fileID: 0}
    - target: {fileID: 4328999627622386, guid: 0f9866448112842e784d5f4a847ad24a, type: 3}
      propertyPath: m_LocalEulerAnglesHint.z
      value: 0
      objectReference: {fileID: 0}
    m_RemovedComponents: []
  m_SourcePrefab: {fileID: 100100000, guid: 0f9866448112842e784d5f4a847ad24a, type: 3}
--- !u!4 &3846068917130859879 stripped
Transform:
  m_CorrespondingSourceObject: {fileID: 4328999627622386, guid: 0f9866448112842e784d5f4a847ad24a, type: 3}
  m_PrefabInstance: {fileID: 3841740349282718357}
  m_PrefabAsset: {fileID: 0}
--- !u!1001 &4023489446855887463
PrefabInstance:
  m_ObjectHideFlags: 0
  serializedVersion: 2
  m_Modification:
    m_TransformParent: {fileID: 4908460989321917601}
    m_Modifications:
    - target: {fileID: 1886126668315858, guid: 34aa3fc438758473c9e3d9ad570cf23f, type: 3}
      propertyPath: m_Name
      value: table-dining
      objectReference: {fileID: 0}
    - target: {fileID: 4828949845237886, guid: 34aa3fc438758473c9e3d9ad570cf23f, type: 3}
      propertyPath: m_RootOrder
      value: 0
      objectReference: {fileID: 0}
    - target: {fileID: 4828949845237886, guid: 34aa3fc438758473c9e3d9ad570cf23f, type: 3}
      propertyPath: m_LocalScale.x
      value: 1.692722
      objectReference: {fileID: 0}
    - target: {fileID: 4828949845237886, guid: 34aa3fc438758473c9e3d9ad570cf23f, type: 3}
      propertyPath: m_LocalScale.y
      value: 1
      objectReference: {fileID: 0}
    - target: {fileID: 4828949845237886, guid: 34aa3fc438758473c9e3d9ad570cf23f, type: 3}
      propertyPath: m_LocalScale.z
      value: 1
      objectReference: {fileID: 0}
    - target: {fileID: 4828949845237886, guid: 34aa3fc438758473c9e3d9ad570cf23f, type: 3}
      propertyPath: m_LocalPosition.x
      value: 0
      objectReference: {fileID: 0}
    - target: {fileID: 4828949845237886, guid: 34aa3fc438758473c9e3d9ad570cf23f, type: 3}
      propertyPath: m_LocalPosition.y
      value: 0
      objectReference: {fileID: 0}
    - target: {fileID: 4828949845237886, guid: 34aa3fc438758473c9e3d9ad570cf23f, type: 3}
      propertyPath: m_LocalPosition.z
      value: 0
      objectReference: {fileID: 0}
    - target: {fileID: 4828949845237886, guid: 34aa3fc438758473c9e3d9ad570cf23f, type: 3}
      propertyPath: m_LocalRotation.w
      value: 1
      objectReference: {fileID: 0}
    - target: {fileID: 4828949845237886, guid: 34aa3fc438758473c9e3d9ad570cf23f, type: 3}
      propertyPath: m_LocalRotation.x
      value: -0
      objectReference: {fileID: 0}
    - target: {fileID: 4828949845237886, guid: 34aa3fc438758473c9e3d9ad570cf23f, type: 3}
      propertyPath: m_LocalRotation.y
      value: -0
      objectReference: {fileID: 0}
    - target: {fileID: 4828949845237886, guid: 34aa3fc438758473c9e3d9ad570cf23f, type: 3}
      propertyPath: m_LocalRotation.z
      value: -0
      objectReference: {fileID: 0}
    - target: {fileID: 4828949845237886, guid: 34aa3fc438758473c9e3d9ad570cf23f, type: 3}
      propertyPath: m_LocalEulerAnglesHint.x
      value: 0
      objectReference: {fileID: 0}
    - target: {fileID: 4828949845237886, guid: 34aa3fc438758473c9e3d9ad570cf23f, type: 3}
      propertyPath: m_LocalEulerAnglesHint.y
      value: 0
      objectReference: {fileID: 0}
    - target: {fileID: 4828949845237886, guid: 34aa3fc438758473c9e3d9ad570cf23f, type: 3}
      propertyPath: m_LocalEulerAnglesHint.z
      value: 0
      objectReference: {fileID: 0}
    m_RemovedComponents: []
  m_SourcePrefab: {fileID: 100100000, guid: 34aa3fc438758473c9e3d9ad570cf23f, type: 3}
--- !u!4 &4019297406302104089 stripped
Transform:
  m_CorrespondingSourceObject: {fileID: 4828949845237886, guid: 34aa3fc438758473c9e3d9ad570cf23f, type: 3}
  m_PrefabInstance: {fileID: 4023489446855887463}
  m_PrefabAsset: {fileID: 0}
--- !u!1001 &4189886154972605619
PrefabInstance:
  m_ObjectHideFlags: 0
  serializedVersion: 2
  m_Modification:
    m_TransformParent: {fileID: 5409454246588440286}
    m_Modifications:
    - target: {fileID: -8679921383154817045, guid: 08e6ba66df9600f42b802a44499ae522, type: 3}
      propertyPath: m_RootOrder
      value: 1
      objectReference: {fileID: 0}
    - target: {fileID: -8679921383154817045, guid: 08e6ba66df9600f42b802a44499ae522, type: 3}
      propertyPath: m_LocalScale.x
      value: 0.005
      objectReference: {fileID: 0}
    - target: {fileID: -8679921383154817045, guid: 08e6ba66df9600f42b802a44499ae522, type: 3}
      propertyPath: m_LocalScale.y
      value: 0.003
      objectReference: {fileID: 0}
    - target: {fileID: -8679921383154817045, guid: 08e6ba66df9600f42b802a44499ae522, type: 3}
      propertyPath: m_LocalScale.z
      value: 0.005
      objectReference: {fileID: 0}
    - target: {fileID: -8679921383154817045, guid: 08e6ba66df9600f42b802a44499ae522, type: 3}
      propertyPath: m_LocalPosition.x
      value: -0.0597
      objectReference: {fileID: 0}
    - target: {fileID: -8679921383154817045, guid: 08e6ba66df9600f42b802a44499ae522, type: 3}
      propertyPath: m_LocalPosition.y
      value: 0.1874
      objectReference: {fileID: 0}
    - target: {fileID: -8679921383154817045, guid: 08e6ba66df9600f42b802a44499ae522, type: 3}
      propertyPath: m_LocalPosition.z
      value: -0.1155
      objectReference: {fileID: 0}
    - target: {fileID: -8679921383154817045, guid: 08e6ba66df9600f42b802a44499ae522, type: 3}
      propertyPath: m_LocalRotation.w
      value: 0.97553605
      objectReference: {fileID: 0}
    - target: {fileID: -8679921383154817045, guid: 08e6ba66df9600f42b802a44499ae522, type: 3}
      propertyPath: m_LocalRotation.x
      value: -0
      objectReference: {fileID: 0}
    - target: {fileID: -8679921383154817045, guid: 08e6ba66df9600f42b802a44499ae522, type: 3}
      propertyPath: m_LocalRotation.y
      value: 0.21983956
      objectReference: {fileID: 0}
    - target: {fileID: -8679921383154817045, guid: 08e6ba66df9600f42b802a44499ae522, type: 3}
      propertyPath: m_LocalRotation.z
      value: -0
      objectReference: {fileID: 0}
    - target: {fileID: -8679921383154817045, guid: 08e6ba66df9600f42b802a44499ae522, type: 3}
      propertyPath: m_LocalEulerAnglesHint.x
      value: 0
      objectReference: {fileID: 0}
    - target: {fileID: -8679921383154817045, guid: 08e6ba66df9600f42b802a44499ae522, type: 3}
      propertyPath: m_LocalEulerAnglesHint.y
      value: 25.399
      objectReference: {fileID: 0}
    - target: {fileID: -8679921383154817045, guid: 08e6ba66df9600f42b802a44499ae522, type: 3}
      propertyPath: m_LocalEulerAnglesHint.z
      value: 0
      objectReference: {fileID: 0}
    - target: {fileID: 919132149155446097, guid: 08e6ba66df9600f42b802a44499ae522, type: 3}
      propertyPath: m_Name
      value: tree_P
      objectReference: {fileID: 0}
    m_RemovedComponents: []
  m_SourcePrefab: {fileID: 100100000, guid: 08e6ba66df9600f42b802a44499ae522, type: 3}
--- !u!4 &4444998128068021080 stripped
Transform:
  m_CorrespondingSourceObject: {fileID: -8679921383154817045, guid: 08e6ba66df9600f42b802a44499ae522, type: 3}
  m_PrefabInstance: {fileID: 4189886154972605619}
  m_PrefabAsset: {fileID: 0}
--- !u!1001 &5491180562998697839
PrefabInstance:
  m_ObjectHideFlags: 0
  serializedVersion: 2
  m_Modification:
    m_TransformParent: {fileID: 4860318770443370541}
    m_Modifications:
    - target: {fileID: 1403005516184392, guid: b1b9abc705ea34f8da57cbaf61ffbef7, type: 3}
      propertyPath: m_Name
      value: book-open
      objectReference: {fileID: 0}
    - target: {fileID: 4750582319295530, guid: b1b9abc705ea34f8da57cbaf61ffbef7, type: 3}
      propertyPath: m_RootOrder
      value: 2
      objectReference: {fileID: 0}
    - target: {fileID: 4750582319295530, guid: b1b9abc705ea34f8da57cbaf61ffbef7, type: 3}
      propertyPath: m_LocalScale.x
      value: 0.2
      objectReference: {fileID: 0}
    - target: {fileID: 4750582319295530, guid: b1b9abc705ea34f8da57cbaf61ffbef7, type: 3}
      propertyPath: m_LocalScale.y
      value: 0.2
      objectReference: {fileID: 0}
    - target: {fileID: 4750582319295530, guid: b1b9abc705ea34f8da57cbaf61ffbef7, type: 3}
      propertyPath: m_LocalScale.z
      value: 0.2
      objectReference: {fileID: 0}
    - target: {fileID: 4750582319295530, guid: b1b9abc705ea34f8da57cbaf61ffbef7, type: 3}
      propertyPath: m_LocalPosition.x
      value: 0.3951
      objectReference: {fileID: 0}
    - target: {fileID: 4750582319295530, guid: b1b9abc705ea34f8da57cbaf61ffbef7, type: 3}
      propertyPath: m_LocalPosition.y
      value: 0.29599997
      objectReference: {fileID: 0}
    - target: {fileID: 4750582319295530, guid: b1b9abc705ea34f8da57cbaf61ffbef7, type: 3}
      propertyPath: m_LocalPosition.z
      value: 0.2394
      objectReference: {fileID: 0}
    - target: {fileID: 4750582319295530, guid: b1b9abc705ea34f8da57cbaf61ffbef7, type: 3}
      propertyPath: m_LocalRotation.w
      value: 0.6857316
      objectReference: {fileID: 0}
    - target: {fileID: 4750582319295530, guid: b1b9abc705ea34f8da57cbaf61ffbef7, type: 3}
      propertyPath: m_LocalRotation.x
      value: -0
      objectReference: {fileID: 0}
    - target: {fileID: 4750582319295530, guid: b1b9abc705ea34f8da57cbaf61ffbef7, type: 3}
      propertyPath: m_LocalRotation.y
      value: -0.7278546
      objectReference: {fileID: 0}
    - target: {fileID: 4750582319295530, guid: b1b9abc705ea34f8da57cbaf61ffbef7, type: 3}
      propertyPath: m_LocalRotation.z
      value: -0
      objectReference: {fileID: 0}
    - target: {fileID: 4750582319295530, guid: b1b9abc705ea34f8da57cbaf61ffbef7, type: 3}
      propertyPath: m_LocalEulerAnglesHint.x
      value: 0
      objectReference: {fileID: 0}
    - target: {fileID: 4750582319295530, guid: b1b9abc705ea34f8da57cbaf61ffbef7, type: 3}
      propertyPath: m_LocalEulerAnglesHint.y
      value: -93.414
      objectReference: {fileID: 0}
    - target: {fileID: 4750582319295530, guid: b1b9abc705ea34f8da57cbaf61ffbef7, type: 3}
      propertyPath: m_LocalEulerAnglesHint.z
      value: 0
      objectReference: {fileID: 0}
    m_RemovedComponents: []
  m_SourcePrefab: {fileID: 100100000, guid: b1b9abc705ea34f8da57cbaf61ffbef7, type: 3}
--- !u!4 &5486641095520498501 stripped
Transform:
  m_CorrespondingSourceObject: {fileID: 4750582319295530, guid: b1b9abc705ea34f8da57cbaf61ffbef7, type: 3}
  m_PrefabInstance: {fileID: 5491180562998697839}
  m_PrefabAsset: {fileID: 0}
--- !u!1001 &5563787125724487239
PrefabInstance:
  m_ObjectHideFlags: 0
  serializedVersion: 2
  m_Modification:
    m_TransformParent: {fileID: 4860318770443370541}
    m_Modifications:
    - target: {fileID: 1167207809616998, guid: 2aa1bbb67d504402e8085eb320b0939d, type: 3}
      propertyPath: m_Name
      value: library-books
      objectReference: {fileID: 0}
    - target: {fileID: 4302799846527012, guid: 2aa1bbb67d504402e8085eb320b0939d, type: 3}
      propertyPath: m_RootOrder
      value: 4
      objectReference: {fileID: 0}
    - target: {fileID: 4302799846527012, guid: 2aa1bbb67d504402e8085eb320b0939d, type: 3}
      propertyPath: m_LocalScale.x
      value: 0.25
      objectReference: {fileID: 0}
    - target: {fileID: 4302799846527012, guid: 2aa1bbb67d504402e8085eb320b0939d, type: 3}
      propertyPath: m_LocalScale.y
      value: 0.25
      objectReference: {fileID: 0}
    - target: {fileID: 4302799846527012, guid: 2aa1bbb67d504402e8085eb320b0939d, type: 3}
      propertyPath: m_LocalScale.z
      value: 0.25
      objectReference: {fileID: 0}
    - target: {fileID: 4302799846527012, guid: 2aa1bbb67d504402e8085eb320b0939d, type: 3}
      propertyPath: m_LocalPosition.x
      value: 0.304
      objectReference: {fileID: 0}
    - target: {fileID: 4302799846527012, guid: 2aa1bbb67d504402e8085eb320b0939d, type: 3}
      propertyPath: m_LocalPosition.y
      value: 0.076
      objectReference: {fileID: 0}
    - target: {fileID: 4302799846527012, guid: 2aa1bbb67d504402e8085eb320b0939d, type: 3}
      propertyPath: m_LocalPosition.z
      value: -0.488
      objectReference: {fileID: 0}
    - target: {fileID: 4302799846527012, guid: 2aa1bbb67d504402e8085eb320b0939d, type: 3}
      propertyPath: m_LocalRotation.w
      value: 1
      objectReference: {fileID: 0}
    - target: {fileID: 4302799846527012, guid: 2aa1bbb67d504402e8085eb320b0939d, type: 3}
      propertyPath: m_LocalRotation.x
      value: -0
      objectReference: {fileID: 0}
    - target: {fileID: 4302799846527012, guid: 2aa1bbb67d504402e8085eb320b0939d, type: 3}
      propertyPath: m_LocalRotation.y
      value: -0
      objectReference: {fileID: 0}
    - target: {fileID: 4302799846527012, guid: 2aa1bbb67d504402e8085eb320b0939d, type: 3}
      propertyPath: m_LocalRotation.z
      value: -0
      objectReference: {fileID: 0}
    - target: {fileID: 4302799846527012, guid: 2aa1bbb67d504402e8085eb320b0939d, type: 3}
      propertyPath: m_LocalEulerAnglesHint.x
      value: 0
      objectReference: {fileID: 0}
    - target: {fileID: 4302799846527012, guid: 2aa1bbb67d504402e8085eb320b0939d, type: 3}
      propertyPath: m_LocalEulerAnglesHint.y
      value: 0
      objectReference: {fileID: 0}
    - target: {fileID: 4302799846527012, guid: 2aa1bbb67d504402e8085eb320b0939d, type: 3}
      propertyPath: m_LocalEulerAnglesHint.z
      value: 0
      objectReference: {fileID: 0}
    m_RemovedComponents: []
  m_SourcePrefab: {fileID: 100100000, guid: 2aa1bbb67d504402e8085eb320b0939d, type: 3}
--- !u!4 &5564694001226305123 stripped
Transform:
  m_CorrespondingSourceObject: {fileID: 4302799846527012, guid: 2aa1bbb67d504402e8085eb320b0939d, type: 3}
  m_PrefabInstance: {fileID: 5563787125724487239}
  m_PrefabAsset: {fileID: 0}
