%YAML 1.1
%TAG !u! tag:unity3d.com,2011:
--- !u!29 &1
OcclusionCullingSettings:
  m_ObjectHideFlags: 0
  serializedVersion: 2
  m_OcclusionBakeSettings:
    smallestOccluder: 5
    smallestHole: 0.25
    backfaceThreshold: 100
  m_SceneGUID: 00000000000000000000000000000000
  m_OcclusionCullingData: {fileID: 0}
--- !u!104 &2
RenderSettings:
  m_ObjectHideFlags: 0
  serializedVersion: 9
  m_Fog: 0
  m_FogColor: {r: 0.5, g: 0.5, b: 0.5, a: 1}
  m_FogMode: 3
  m_FogDensity: 0.01
  m_LinearFogStart: 0
  m_LinearFogEnd: 300
  m_AmbientSkyColor: {r: 0.212, g: 0.227, b: 0.259, a: 1}
  m_AmbientEquatorColor: {r: 0.114, g: 0.125, b: 0.133, a: 1}
  m_AmbientGroundColor: {r: 0.047, g: 0.043, b: 0.035, a: 1}
  m_AmbientIntensity: 1
  m_AmbientMode: 0
  m_SubtractiveShadowColor: {r: 0.42, g: 0.478, b: 0.627, a: 1}
  m_SkyboxMaterial: {fileID: 10304, guid: 0000000000000000f000000000000000, type: 0}
  m_HaloStrength: 0.5
  m_FlareStrength: 1
  m_FlareFadeSpeed: 3
  m_HaloTexture: {fileID: 0}
  m_SpotCookie: {fileID: 10001, guid: 0000000000000000e000000000000000, type: 0}
  m_DefaultReflectionMode: 0
  m_DefaultReflectionResolution: 128
  m_ReflectionBounces: 1
  m_ReflectionIntensity: 1
  m_CustomReflection: {fileID: 0}
  m_Sun: {fileID: 0}
  m_IndirectSpecularColor: {r: 0.17761281, g: 0.22236596, b: 0.3045566, a: 1}
  m_UseRadianceAmbientProbe: 0
--- !u!157 &3
LightmapSettings:
  m_ObjectHideFlags: 0
  serializedVersion: 12
  m_GIWorkflowMode: 1
  m_GISettings:
    serializedVersion: 2
    m_BounceScale: 1
    m_IndirectOutputScale: 1
    m_AlbedoBoost: 1
    m_EnvironmentLightingMode: 0
    m_EnableBakedLightmaps: 1
    m_EnableRealtimeLightmaps: 0
  m_LightmapEditorSettings:
    serializedVersion: 12
    m_Resolution: 2
    m_BakeResolution: 40
    m_AtlasSize: 1024
    m_AO: 0
    m_AOMaxDistance: 1
    m_CompAOExponent: 1
    m_CompAOExponentDirect: 0
    m_ExtractAmbientOcclusion: 0
    m_Padding: 2
    m_LightmapParameters: {fileID: 0}
    m_LightmapsBakeMode: 1
    m_TextureCompression: 1
    m_FinalGather: 0
    m_FinalGatherFiltering: 1
    m_FinalGatherRayCount: 256
    m_ReflectionCompression: 2
    m_MixedBakeMode: 2
    m_BakeBackend: 1
    m_PVRSampling: 1
    m_PVRDirectSampleCount: 32
    m_PVRSampleCount: 512
    m_PVRBounces: 2
    m_PVREnvironmentSampleCount: 256
    m_PVREnvironmentReferencePointCount: 2048
    m_PVRFilteringMode: 1
    m_PVRDenoiserTypeDirect: 1
    m_PVRDenoiserTypeIndirect: 1
    m_PVRDenoiserTypeAO: 1
    m_PVRFilterTypeDirect: 0
    m_PVRFilterTypeIndirect: 0
    m_PVRFilterTypeAO: 0
    m_PVREnvironmentMIS: 1
    m_PVRCulling: 1
    m_PVRFilteringGaussRadiusDirect: 1
    m_PVRFilteringGaussRadiusIndirect: 5
    m_PVRFilteringGaussRadiusAO: 2
    m_PVRFilteringAtrousPositionSigmaDirect: 0.5
    m_PVRFilteringAtrousPositionSigmaIndirect: 2
    m_PVRFilteringAtrousPositionSigmaAO: 1
    m_ExportTrainingData: 0
    m_TrainingDataDestination: TrainingData
    m_LightProbeSampleCountMultiplier: 4
  m_LightingDataAsset: {fileID: 0}
  m_LightingSettings: {fileID: 0}
--- !u!196 &4
NavMeshSettings:
  serializedVersion: 2
  m_ObjectHideFlags: 0
  m_BuildSettings:
    serializedVersion: 2
    agentTypeID: 0
    agentRadius: 0.5
    agentHeight: 2
    agentSlope: 45
    agentClimb: 0.4
    ledgeDropHeight: 0
    maxJumpAcrossDistance: 0
    minRegionArea: 2
    manualCellSize: 0
    cellSize: 0.16666667
    manualTileSize: 0
    tileSize: 256
    accuratePlacement: 0
    maxJobWorkers: 0
    preserveTilesOutsideBounds: 0
    debug:
      m_Flags: 0
  m_NavMeshData: {fileID: 0}
--- !u!1001 &297045247
PrefabInstance:
  m_ObjectHideFlags: 0
  serializedVersion: 2
  m_Modification:
    m_TransformParent: {fileID: 0}
    m_Modifications:
    - target: {fileID: 1142150235287386, guid: 0f9866448112842e784d5f4a847ad24a, type: 3}
      propertyPath: m_Name
      value: chair-dining (1)
      objectReference: {fileID: 0}
    - target: {fileID: 4328999627622386, guid: 0f9866448112842e784d5f4a847ad24a, type: 3}
      propertyPath: m_RootOrder
      value: 9
      objectReference: {fileID: 0}
    - target: {fileID: 4328999627622386, guid: 0f9866448112842e784d5f4a847ad24a, type: 3}
      propertyPath: m_LocalPosition.x
      value: 4.43
      objectReference: {fileID: 0}
    - target: {fileID: 4328999627622386, guid: 0f9866448112842e784d5f4a847ad24a, type: 3}
      propertyPath: m_LocalPosition.y
      value: 0
      objectReference: {fileID: 0}
    - target: {fileID: 4328999627622386, guid: 0f9866448112842e784d5f4a847ad24a, type: 3}
      propertyPath: m_LocalPosition.z
      value: -0.43
      objectReference: {fileID: 0}
    - target: {fileID: 4328999627622386, guid: 0f9866448112842e784d5f4a847ad24a, type: 3}
      propertyPath: m_LocalRotation.w
      value: 1
      objectReference: {fileID: 0}
    - target: {fileID: 4328999627622386, guid: 0f9866448112842e784d5f4a847ad24a, type: 3}
      propertyPath: m_LocalRotation.x
      value: 0
      objectReference: {fileID: 0}
    - target: {fileID: 4328999627622386, guid: 0f9866448112842e784d5f4a847ad24a, type: 3}
      propertyPath: m_LocalRotation.y
      value: -0
      objectReference: {fileID: 0}
    - target: {fileID: 4328999627622386, guid: 0f9866448112842e784d5f4a847ad24a, type: 3}
      propertyPath: m_LocalRotation.z
      value: -0
      objectReference: {fileID: 0}
    - target: {fileID: 4328999627622386, guid: 0f9866448112842e784d5f4a847ad24a, type: 3}
      propertyPath: m_LocalEulerAnglesHint.x
      value: 0
      objectReference: {fileID: 0}
    - target: {fileID: 4328999627622386, guid: 0f9866448112842e784d5f4a847ad24a, type: 3}
      propertyPath: m_LocalEulerAnglesHint.y
      value: 0
      objectReference: {fileID: 0}
    - target: {fileID: 4328999627622386, guid: 0f9866448112842e784d5f4a847ad24a, type: 3}
      propertyPath: m_LocalEulerAnglesHint.z
      value: 0
      objectReference: {fileID: 0}
    m_RemovedComponents: []
  m_SourcePrefab: {fileID: 100100000, guid: 0f9866448112842e784d5f4a847ad24a, type: 3}
--- !u!1001 &742895100
PrefabInstance:
  m_ObjectHideFlags: 0
  serializedVersion: 2
  m_Modification:
    m_TransformParent: {fileID: 0}
    m_Modifications:
    - target: {fileID: 1142150235287386, guid: 0f9866448112842e784d5f4a847ad24a, type: 3}
      propertyPath: m_Name
      value: chair-dining
      objectReference: {fileID: 0}
    - target: {fileID: 4328999627622386, guid: 0f9866448112842e784d5f4a847ad24a, type: 3}
      propertyPath: m_RootOrder
      value: 2
      objectReference: {fileID: 0}
    - target: {fileID: 4328999627622386, guid: 0f9866448112842e784d5f4a847ad24a, type: 3}
      propertyPath: m_LocalPosition.x
      value: -1.449
      objectReference: {fileID: 0}
    - target: {fileID: 4328999627622386, guid: 0f9866448112842e784d5f4a847ad24a, type: 3}
      propertyPath: m_LocalPosition.y
      value: 0
      objectReference: {fileID: 0}
    - target: {fileID: 4328999627622386, guid: 0f9866448112842e784d5f4a847ad24a, type: 3}
      propertyPath: m_LocalPosition.z
      value: 2.698
      objectReference: {fileID: 0}
    - target: {fileID: 4328999627622386, guid: 0f9866448112842e784d5f4a847ad24a, type: 3}
      propertyPath: m_LocalRotation.w
      value: 1
      objectReference: {fileID: 0}
    - target: {fileID: 4328999627622386, guid: 0f9866448112842e784d5f4a847ad24a, type: 3}
      propertyPath: m_LocalRotation.x
      value: 0
      objectReference: {fileID: 0}
    - target: {fileID: 4328999627622386, guid: 0f9866448112842e784d5f4a847ad24a, type: 3}
      propertyPath: m_LocalRotation.y
      value: -0
      objectReference: {fileID: 0}
    - target: {fileID: 4328999627622386, guid: 0f9866448112842e784d5f4a847ad24a, type: 3}
      propertyPath: m_LocalRotation.z
      value: -0
      objectReference: {fileID: 0}
    - target: {fileID: 4328999627622386, guid: 0f9866448112842e784d5f4a847ad24a, type: 3}
      propertyPath: m_LocalEulerAnglesHint.x
      value: 0
      objectReference: {fileID: 0}
    - target: {fileID: 4328999627622386, guid: 0f9866448112842e784d5f4a847ad24a, type: 3}
      propertyPath: m_LocalEulerAnglesHint.y
      value: 0
      objectReference: {fileID: 0}
    - target: {fileID: 4328999627622386, guid: 0f9866448112842e784d5f4a847ad24a, type: 3}
      propertyPath: m_LocalEulerAnglesHint.z
      value: 0
      objectReference: {fileID: 0}
    m_RemovedComponents: []
  m_SourcePrefab: {fileID: 100100000, guid: 0f9866448112842e784d5f4a847ad24a, type: 3}
--- !u!1001 &806089304
PrefabInstance:
  m_ObjectHideFlags: 0
  serializedVersion: 2
  m_Modification:
    m_TransformParent: {fileID: 0}
    m_Modifications:
    - target: {fileID: 1535476008931240, guid: 3cc0090ec9d814580b3521b17fcd3ecf, type: 3}
      propertyPath: m_Name
      value: sofa (2)
      objectReference: {fileID: 0}
    - target: {fileID: 4899835161581690, guid: 3cc0090ec9d814580b3521b17fcd3ecf, type: 3}
      propertyPath: m_RootOrder
      value: 13
      objectReference: {fileID: 0}
    - target: {fileID: 4899835161581690, guid: 3cc0090ec9d814580b3521b17fcd3ecf, type: 3}
      propertyPath: m_LocalPosition.x
      value: -0.196
      objectReference: {fileID: 0}
    - target: {fileID: 4899835161581690, guid: 3cc0090ec9d814580b3521b17fcd3ecf, type: 3}
      propertyPath: m_LocalPosition.y
      value: 0
      objectReference: {fileID: 0}
    - target: {fileID: 4899835161581690, guid: 3cc0090ec9d814580b3521b17fcd3ecf, type: 3}
      propertyPath: m_LocalPosition.z
      value: -2.469
      objectReference: {fileID: 0}
    - target: {fileID: 4899835161581690, guid: 3cc0090ec9d814580b3521b17fcd3ecf, type: 3}
      propertyPath: m_LocalRotation.w
      value: 1
      objectReference: {fileID: 0}
    - target: {fileID: 4899835161581690, guid: 3cc0090ec9d814580b3521b17fcd3ecf, type: 3}
      propertyPath: m_LocalRotation.x
      value: 0
      objectReference: {fileID: 0}
    - target: {fileID: 4899835161581690, guid: 3cc0090ec9d814580b3521b17fcd3ecf, type: 3}
      propertyPath: m_LocalRotation.y
      value: 0
      objectReference: {fileID: 0}
    - target: {fileID: 4899835161581690, guid: 3cc0090ec9d814580b3521b17fcd3ecf, type: 3}
      propertyPath: m_LocalRotation.z
      value: 0
      objectReference: {fileID: 0}
    - target: {fileID: 4899835161581690, guid: 3cc0090ec9d814580b3521b17fcd3ecf, type: 3}
      propertyPath: m_LocalEulerAnglesHint.x
      value: 0
      objectReference: {fileID: 0}
    - target: {fileID: 4899835161581690, guid: 3cc0090ec9d814580b3521b17fcd3ecf, type: 3}
      propertyPath: m_LocalEulerAnglesHint.y
      value: 0
      objectReference: {fileID: 0}
    - target: {fileID: 4899835161581690, guid: 3cc0090ec9d814580b3521b17fcd3ecf, type: 3}
      propertyPath: m_LocalEulerAnglesHint.z
      value: 0
      objectReference: {fileID: 0}
    m_RemovedComponents: []
  m_SourcePrefab: {fileID: 100100000, guid: 3cc0090ec9d814580b3521b17fcd3ecf, type: 3}
--- !u!1001 &971810077
PrefabInstance:
  m_ObjectHideFlags: 0
  serializedVersion: 2
  m_Modification:
    m_TransformParent: {fileID: 0}
    m_Modifications:
    - target: {fileID: 1535476008931240, guid: 3cc0090ec9d814580b3521b17fcd3ecf, type: 3}
      propertyPath: m_Name
      value: sofa (1)
      objectReference: {fileID: 0}
    - target: {fileID: 4899835161581690, guid: 3cc0090ec9d814580b3521b17fcd3ecf, type: 3}
      propertyPath: m_RootOrder
      value: 8
      objectReference: {fileID: 0}
    - target: {fileID: 4899835161581690, guid: 3cc0090ec9d814580b3521b17fcd3ecf, type: 3}
      propertyPath: m_LocalPosition.x
      value: 6.37
      objectReference: {fileID: 0}
    - target: {fileID: 4899835161581690, guid: 3cc0090ec9d814580b3521b17fcd3ecf, type: 3}
      propertyPath: m_LocalPosition.y
      value: 0
      objectReference: {fileID: 0}
    - target: {fileID: 4899835161581690, guid: 3cc0090ec9d814580b3521b17fcd3ecf, type: 3}
      propertyPath: m_LocalPosition.z
      value: -0.112
      objectReference: {fileID: 0}
    - target: {fileID: 4899835161581690, guid: 3cc0090ec9d814580b3521b17fcd3ecf, type: 3}
      propertyPath: m_LocalRotation.w
      value: 1
      objectReference: {fileID: 0}
    - target: {fileID: 4899835161581690, guid: 3cc0090ec9d814580b3521b17fcd3ecf, type: 3}
      propertyPath: m_LocalRotation.x
      value: 0
      objectReference: {fileID: 0}
    - target: {fileID: 4899835161581690, guid: 3cc0090ec9d814580b3521b17fcd3ecf, type: 3}
      propertyPath: m_LocalRotation.y
      value: 0
      objectReference: {fileID: 0}
    - target: {fileID: 4899835161581690, guid: 3cc0090ec9d814580b3521b17fcd3ecf, type: 3}
      propertyPath: m_LocalRotation.z
      value: 0
      objectReference: {fileID: 0}
    - target: {fileID: 4899835161581690, guid: 3cc0090ec9d814580b3521b17fcd3ecf, type: 3}
      propertyPath: m_LocalEulerAnglesHint.x
      value: 0
      objectReference: {fileID: 0}
    - target: {fileID: 4899835161581690, guid: 3cc0090ec9d814580b3521b17fcd3ecf, type: 3}
      propertyPath: m_LocalEulerAnglesHint.y
      value: 0
      objectReference: {fileID: 0}
    - target: {fileID: 4899835161581690, guid: 3cc0090ec9d814580b3521b17fcd3ecf, type: 3}
      propertyPath: m_LocalEulerAnglesHint.z
      value: 0
      objectReference: {fileID: 0}
    m_RemovedComponents: []
  m_SourcePrefab: {fileID: 100100000, guid: 3cc0090ec9d814580b3521b17fcd3ecf, type: 3}
--- !u!1 &1213706576
GameObject:
  m_ObjectHideFlags: 0
  m_CorrespondingSourceObject: {fileID: 0}
  m_PrefabInstance: {fileID: 0}
  m_PrefabAsset: {fileID: 0}
  serializedVersion: 6
  m_Component:
  - component: {fileID: 1213706579}
  - component: {fileID: 1213706578}
  - component: {fileID: 1213706577}
  - component: {fileID: 1213706580}
  m_Layer: 0
  m_Name: Main Camera
  m_TagString: MainCamera
  m_Icon: {fileID: 0}
  m_NavMeshLayer: 0
  m_StaticEditorFlags: 0
  m_IsActive: 1
--- !u!81 &1213706577
AudioListener:
  m_ObjectHideFlags: 0
  m_CorrespondingSourceObject: {fileID: 0}
  m_PrefabInstance: {fileID: 0}
  m_PrefabAsset: {fileID: 0}
  m_GameObject: {fileID: 1213706576}
  m_Enabled: 1
--- !u!20 &1213706578
Camera:
  m_ObjectHideFlags: 0
  m_CorrespondingSourceObject: {fileID: 0}
  m_PrefabInstance: {fileID: 0}
  m_PrefabAsset: {fileID: 0}
  m_GameObject: {fileID: 1213706576}
  m_Enabled: 1
  serializedVersion: 2
  m_ClearFlags: 1
  m_BackGroundColor: {r: 0.19215687, g: 0.3019608, b: 0.4745098, a: 0}
  m_projectionMatrixMode: 1
  m_GateFitMode: 2
  m_FOVAxisMode: 0
  m_SensorSize: {x: 36, y: 24}
  m_LensShift: {x: 0, y: 0}
  m_FocalLength: 50
  m_NormalizedViewPortRect:
    serializedVersion: 2
    x: 0
    y: 0
    width: 1
    height: 1
  near clip plane: 0.3
  far clip plane: 1000
  field of view: 60
  orthographic: 0
  orthographic size: 5
  m_Depth: -1
  m_CullingMask:
    serializedVersion: 2
    m_Bits: 4294967295
  m_RenderingPath: -1
  m_TargetTexture: {fileID: 0}
  m_TargetDisplay: 0
  m_TargetEye: 3
  m_HDR: 1
  m_AllowMSAA: 1
  m_AllowDynamicResolution: 0
  m_ForceIntoRT: 0
  m_OcclusionCulling: 1
  m_StereoConvergence: 10
  m_StereoSeparation: 0.022
--- !u!4 &1213706579
Transform:
  m_ObjectHideFlags: 0
  m_CorrespondingSourceObject: {fileID: 0}
  m_PrefabInstance: {fileID: 0}
  m_PrefabAsset: {fileID: 0}
  m_GameObject: {fileID: 1213706576}
  m_LocalRotation: {x: 0, y: 0, z: 0, w: 1}
  m_LocalPosition: {x: 0, y: 1, z: -10}
  m_LocalScale: {x: 1, y: 1, z: 1}
  m_Children: []
  m_Father: {fileID: 0}
  m_RootOrder: 0
  m_LocalEulerAnglesHint: {x: 0, y: 0, z: 0}
--- !u!114 &1213706580
MonoBehaviour:
  m_ObjectHideFlags: 0
  m_CorrespondingSourceObject: {fileID: 0}
  m_PrefabInstance: {fileID: 0}
  m_PrefabAsset: {fileID: 0}
  m_GameObject: {fileID: 1213706576}
  m_Enabled: 1
  m_EditorHideFlags: 0
  m_Script: {fileID: 11500000, guid: a79441f348de89743a2939f4d699eac1, type: 3}
  m_Name: 
  m_EditorClassIdentifier: 
  m_RenderShadows: 1
  m_RequiresDepthTextureOption: 2
  m_RequiresOpaqueTextureOption: 2
  m_CameraType: 0
  m_Cameras: []
  m_RendererIndex: -1
  m_VolumeLayerMask:
    serializedVersion: 2
    m_Bits: 1
  m_VolumeTrigger: {fileID: 0}
  m_VolumeFrameworkUpdateModeOption: 2
  m_RenderPostProcessing: 0
  m_Antialiasing: 0
  m_AntialiasingQuality: 2
  m_StopNaN: 0
  m_Dithering: 0
  m_ClearDepth: 1
  m_AllowXRRendering: 1
  m_RequiresDepthTexture: 0
  m_RequiresColorTexture: 0
  m_Version: 2
--- !u!1001 &1648622334
PrefabInstance:
  m_ObjectHideFlags: 0
  serializedVersion: 2
  m_Modification:
    m_TransformParent: {fileID: 0}
    m_Modifications:
    - target: {fileID: 1535476008931240, guid: 3cc0090ec9d814580b3521b17fcd3ecf, type: 3}
      propertyPath: m_Name
      value: sofa
      objectReference: {fileID: 0}
    - target: {fileID: 4899835161581690, guid: 3cc0090ec9d814580b3521b17fcd3ecf, type: 3}
      propertyPath: m_RootOrder
      value: 4
      objectReference: {fileID: 0}
    - target: {fileID: 4899835161581690, guid: 3cc0090ec9d814580b3521b17fcd3ecf, type: 3}
      propertyPath: m_LocalPosition.x
      value: 1.343
      objectReference: {fileID: 0}
    - target: {fileID: 4899835161581690, guid: 3cc0090ec9d814580b3521b17fcd3ecf, type: 3}
      propertyPath: m_LocalPosition.y
      value: 0
      objectReference: {fileID: 0}
    - target: {fileID: 4899835161581690, guid: 3cc0090ec9d814580b3521b17fcd3ecf, type: 3}
      propertyPath: m_LocalPosition.z
      value: 2.626
      objectReference: {fileID: 0}
    - target: {fileID: 4899835161581690, guid: 3cc0090ec9d814580b3521b17fcd3ecf, type: 3}
      propertyPath: m_LocalRotation.w
      value: 1
      objectReference: {fileID: 0}
    - target: {fileID: 4899835161581690, guid: 3cc0090ec9d814580b3521b17fcd3ecf, type: 3}
      propertyPath: m_LocalRotation.x
      value: 0
      objectReference: {fileID: 0}
    - target: {fileID: 4899835161581690, guid: 3cc0090ec9d814580b3521b17fcd3ecf, type: 3}
      propertyPath: m_LocalRotation.y
      value: 0
      objectReference: {fileID: 0}
    - target: {fileID: 4899835161581690, guid: 3cc0090ec9d814580b3521b17fcd3ecf, type: 3}
      propertyPath: m_LocalRotation.z
      value: 0
      objectReference: {fileID: 0}
    - target: {fileID: 4899835161581690, guid: 3cc0090ec9d814580b3521b17fcd3ecf, type: 3}
      propertyPath: m_LocalEulerAnglesHint.x
      value: 0
      objectReference: {fileID: 0}
    - target: {fileID: 4899835161581690, guid: 3cc0090ec9d814580b3521b17fcd3ecf, type: 3}
      propertyPath: m_LocalEulerAnglesHint.y
      value: 0
      objectReference: {fileID: 0}
    - target: {fileID: 4899835161581690, guid: 3cc0090ec9d814580b3521b17fcd3ecf, type: 3}
      propertyPath: m_LocalEulerAnglesHint.z
      value: 0
      objectReference: {fileID: 0}
    m_RemovedComponents: []
  m_SourcePrefab: {fileID: 100100000, guid: 3cc0090ec9d814580b3521b17fcd3ecf, type: 3}
--- !u!1001 &1802279691
PrefabInstance:
  m_ObjectHideFlags: 0
  serializedVersion: 2
  m_Modification:
    m_TransformParent: {fileID: 0}
    m_Modifications:
    - target: {fileID: 1142150235287386, guid: 0f9866448112842e784d5f4a847ad24a, type: 3}
      propertyPath: m_Name
      value: chair-dining (2)
      objectReference: {fileID: 0}
    - target: {fileID: 4328999627622386, guid: 0f9866448112842e784d5f4a847ad24a, type: 3}
      propertyPath: m_RootOrder
      value: 14
      objectReference: {fileID: 0}
    - target: {fileID: 4328999627622386, guid: 0f9866448112842e784d5f4a847ad24a, type: 3}
      propertyPath: m_LocalPosition.x
      value: -2.55
      objectReference: {fileID: 0}
    - target: {fileID: 4328999627622386, guid: 0f9866448112842e784d5f4a847ad24a, type: 3}
      propertyPath: m_LocalPosition.y
      value: 0
      objectReference: {fileID: 0}
    - target: {fileID: 4328999627622386, guid: 0f9866448112842e784d5f4a847ad24a, type: 3}
      propertyPath: m_LocalPosition.z
      value: -2.29
      objectReference: {fileID: 0}
    - target: {fileID: 4328999627622386, guid: 0f9866448112842e784d5f4a847ad24a, type: 3}
      propertyPath: m_LocalRotation.w
      value: 1
      objectReference: {fileID: 0}
    - target: {fileID: 4328999627622386, guid: 0f9866448112842e784d5f4a847ad24a, type: 3}
      propertyPath: m_LocalRotation.x
      value: 0
      objectReference: {fileID: 0}
    - target: {fileID: 4328999627622386, guid: 0f9866448112842e784d5f4a847ad24a, type: 3}
      propertyPath: m_LocalRotation.y
      value: -0
      objectReference: {fileID: 0}
    - target: {fileID: 4328999627622386, guid: 0f9866448112842e784d5f4a847ad24a, type: 3}
      propertyPath: m_LocalRotation.z
      value: -0
      objectReference: {fileID: 0}
    - target: {fileID: 4328999627622386, guid: 0f9866448112842e784d5f4a847ad24a, type: 3}
      propertyPath: m_LocalEulerAnglesHint.x
      value: 0
      objectReference: {fileID: 0}
    - target: {fileID: 4328999627622386, guid: 0f9866448112842e784d5f4a847ad24a, type: 3}
      propertyPath: m_LocalEulerAnglesHint.y
      value: 0
      objectReference: {fileID: 0}
    - target: {fileID: 4328999627622386, guid: 0f9866448112842e784d5f4a847ad24a, type: 3}
      propertyPath: m_LocalEulerAnglesHint.z
      value: 0
      objectReference: {fileID: 0}
    m_RemovedComponents: []
  m_SourcePrefab: {fileID: 100100000, guid: 0f9866448112842e784d5f4a847ad24a, type: 3}
--- !u!1 &1823468748
GameObject:
  m_ObjectHideFlags: 0
  m_CorrespondingSourceObject: {fileID: 0}
  m_PrefabInstance: {fileID: 0}
  m_PrefabAsset: {fileID: 0}
  serializedVersion: 6
  m_Component:
  - component: {fileID: 1823468750}
  - component: {fileID: 1823468749}
  m_Layer: 0
  m_Name: Directional Light
  m_TagString: Untagged
  m_Icon: {fileID: 0}
  m_NavMeshLayer: 0
  m_StaticEditorFlags: 0
  m_IsActive: 1
--- !u!108 &1823468749
Light:
  m_ObjectHideFlags: 0
  m_CorrespondingSourceObject: {fileID: 0}
  m_PrefabInstance: {fileID: 0}
  m_PrefabAsset: {fileID: 0}
  m_GameObject: {fileID: 1823468748}
  m_Enabled: 1
  serializedVersion: 10
  m_Type: 1
  m_Shape: 0
  m_Color: {r: 1, g: 0.95686275, b: 0.8392157, a: 1}
  m_Intensity: 1
  m_Range: 10
  m_SpotAngle: 30
  m_InnerSpotAngle: 21.80208
  m_CookieSize: 10
  m_Shadows:
    m_Type: 2
    m_Resolution: -1
    m_CustomResolution: -1
    m_Strength: 1
    m_Bias: 0.05
    m_NormalBias: 0.4
    m_NearPlane: 0.2
    m_CullingMatrixOverride:
      e00: 1
      e01: 0
      e02: 0
      e03: 0
      e10: 0
      e11: 1
      e12: 0
      e13: 0
      e20: 0
      e21: 0
      e22: 1
      e23: 0
      e30: 0
      e31: 0
      e32: 0
      e33: 1
    m_UseCullingMatrixOverride: 0
  m_Cookie: {fileID: 0}
  m_DrawHalo: 0
  m_Flare: {fileID: 0}
  m_RenderMode: 0
  m_CullingMask:
    serializedVersion: 2
    m_Bits: 4294967295
  m_RenderingLayerMask: 1
  m_Lightmapping: 4
  m_LightShadowCasterMode: 0
  m_AreaSize: {x: 1, y: 1}
  m_BounceIntensity: 1
  m_ColorTemperature: 6570
  m_UseColorTemperature: 0
  m_BoundingSphereOverride: {x: 0, y: 0, z: 0, w: 0}
  m_UseBoundingSphereOverride: 0
  m_UseViewFrustumForShadowCasterCull: 1
  m_ShadowRadius: 0
  m_ShadowAngle: 0
--- !u!4 &1823468750
Transform:
  m_ObjectHideFlags: 0
  m_CorrespondingSourceObject: {fileID: 0}
  m_PrefabInstance: {fileID: 0}
  m_PrefabAsset: {fileID: 0}
  m_GameObject: {fileID: 1823468748}
  m_LocalRotation: {x: 0.7396035, y: -0.34450737, z: 0.014402626, w: 0.5780087}
  m_LocalPosition: {x: 0, y: 3, z: 0}
  m_LocalScale: {x: 1, y: 1, z: 1}
  m_Children: []
  m_Father: {fileID: 0}
  m_RootOrder: 1
  m_LocalEulerAnglesHint: {x: 59.873, y: -131.32, z: -100.846}
--- !u!1001 &2066245851
PrefabInstance:
  m_ObjectHideFlags: 0
  serializedVersion: 2
  m_Modification:
    m_TransformParent: {fileID: 0}
    m_Modifications:
    - target: {fileID: 1886126668315858, guid: 34aa3fc438758473c9e3d9ad570cf23f, type: 3}
      propertyPath: m_Name
      value: table-dining
      objectReference: {fileID: 0}
    - target: {fileID: 4828949845237886, guid: 34aa3fc438758473c9e3d9ad570cf23f, type: 3}
      propertyPath: m_RootOrder
      value: 3
      objectReference: {fileID: 0}
    - target: {fileID: 4828949845237886, guid: 34aa3fc438758473c9e3d9ad570cf23f, type: 3}
      propertyPath: m_LocalPosition.x
      value: -4.12
      objectReference: {fileID: 0}
    - target: {fileID: 4828949845237886, guid: 34aa3fc438758473c9e3d9ad570cf23f, type: 3}
      propertyPath: m_LocalPosition.y
      value: 0
      objectReference: {fileID: 0}
    - target: {fileID: 4828949845237886, guid: 34aa3fc438758473c9e3d9ad570cf23f, type: 3}
      propertyPath: m_LocalPosition.z
      value: 5.49
      objectReference: {fileID: 0}
    - target: {fileID: 4828949845237886, guid: 34aa3fc438758473c9e3d9ad570cf23f, type: 3}
      propertyPath: m_LocalRotation.w
      value: 1
      objectReference: {fileID: 0}
    - target: {fileID: 4828949845237886, guid: 34aa3fc438758473c9e3d9ad570cf23f, type: 3}
      propertyPath: m_LocalRotation.x
      value: 0
      objectReference: {fileID: 0}
    - target: {fileID: 4828949845237886, guid: 34aa3fc438758473c9e3d9ad570cf23f, type: 3}
      propertyPath: m_LocalRotation.y
      value: -0
      objectReference: {fileID: 0}
    - target: {fileID: 4828949845237886, guid: 34aa3fc438758473c9e3d9ad570cf23f, type: 3}
      propertyPath: m_LocalRotation.z
      value: -0
      objectReference: {fileID: 0}
    - target: {fileID: 4828949845237886, guid: 34aa3fc438758473c9e3d9ad570cf23f, type: 3}
      propertyPath: m_LocalEulerAnglesHint.x
      value: 0
      objectReference: {fileID: 0}
    - target: {fileID: 4828949845237886, guid: 34aa3fc438758473c9e3d9ad570cf23f, type: 3}
      propertyPath: m_LocalEulerAnglesHint.y
      value: 0
      objectReference: {fileID: 0}
    - target: {fileID: 4828949845237886, guid: 34aa3fc438758473c9e3d9ad570cf23f, type: 3}
      propertyPath: m_LocalEulerAnglesHint.z
      value: 0
      objectReference: {fileID: 0}
    m_RemovedComponents: []
  m_SourcePrefab: {fileID: 100100000, guid: 34aa3fc438758473c9e3d9ad570cf23f, type: 3}
--- !u!1001 &915043055698003589
PrefabInstance:
  m_ObjectHideFlags: 0
  serializedVersion: 2
  m_Modification:
    m_TransformParent: {fileID: 0}
    m_Modifications:
    - target: {fileID: 2575300994653234494, guid: ff04d784873f7704bb2be3ff15a3697f, type: 3}
      propertyPath: m_Name
      value: main_menu_room_base
      objectReference: {fileID: 0}
    - target: {fileID: 2951720537647513476, guid: ff04d784873f7704bb2be3ff15a3697f, type: 3}
      propertyPath: m_RootOrder
      value: 22
      objectReference: {fileID: 0}
    - target: {fileID: 2951720537647513476, guid: ff04d784873f7704bb2be3ff15a3697f, type: 3}
      propertyPath: m_LocalPosition.x
      value: -16.06
      objectReference: {fileID: 0}
    - target: {fileID: 2951720537647513476, guid: ff04d784873f7704bb2be3ff15a3697f, type: 3}
      propertyPath: m_LocalPosition.y
      value: 0
      objectReference: {fileID: 0}
    - target: {fileID: 2951720537647513476, guid: ff04d784873f7704bb2be3ff15a3697f, type: 3}
      propertyPath: m_LocalPosition.z
      value: -4.51
      objectReference: {fileID: 0}
    - target: {fileID: 2951720537647513476, guid: ff04d784873f7704bb2be3ff15a3697f, type: 3}
      propertyPath: m_LocalRotation.w
      value: 1
      objectReference: {fileID: 0}
    - target: {fileID: 2951720537647513476, guid: ff04d784873f7704bb2be3ff15a3697f, type: 3}
      propertyPath: m_LocalRotation.x
      value: 0
      objectReference: {fileID: 0}
    - target: {fileID: 2951720537647513476, guid: ff04d784873f7704bb2be3ff15a3697f, type: 3}
      propertyPath: m_LocalRotation.y
      value: -0
      objectReference: {fileID: 0}
    - target: {fileID: 2951720537647513476, guid: ff04d784873f7704bb2be3ff15a3697f, type: 3}
      propertyPath: m_LocalRotation.z
      value: -0
      objectReference: {fileID: 0}
    - target: {fileID: 2951720537647513476, guid: ff04d784873f7704bb2be3ff15a3697f, type: 3}
      propertyPath: m_LocalEulerAnglesHint.x
      value: 0
      objectReference: {fileID: 0}
    - target: {fileID: 2951720537647513476, guid: ff04d784873f7704bb2be3ff15a3697f, type: 3}
      propertyPath: m_LocalEulerAnglesHint.y
      value: 0
      objectReference: {fileID: 0}
    - target: {fileID: 2951720537647513476, guid: ff04d784873f7704bb2be3ff15a3697f, type: 3}
      propertyPath: m_LocalEulerAnglesHint.z
      value: 0
      objectReference: {fileID: 0}
    m_RemovedComponents: []
  m_SourcePrefab: {fileID: 100100000, guid: ff04d784873f7704bb2be3ff15a3697f, type: 3}
--- !u!1001 &2448079582592835895
PrefabInstance:
  m_ObjectHideFlags: 0
  serializedVersion: 2
  m_Modification:
    m_TransformParent: {fileID: 0}
    m_Modifications:
    - target: {fileID: 3814449697672344476, guid: 21a26440d3688164e921e080592f05f5, type: 3}
      propertyPath: m_RootOrder
      value: 18
      objectReference: {fileID: 0}
    - target: {fileID: 3814449697672344476, guid: 21a26440d3688164e921e080592f05f5, type: 3}
      propertyPath: m_LocalPosition.x
      value: -4.388
      objectReference: {fileID: 0}
    - target: {fileID: 3814449697672344476, guid: 21a26440d3688164e921e080592f05f5, type: 3}
      propertyPath: m_LocalPosition.y
      value: 1.237
      objectReference: {fileID: 0}
    - target: {fileID: 3814449697672344476, guid: 21a26440d3688164e921e080592f05f5, type: 3}
      propertyPath: m_LocalPosition.z
      value: 0.642
      objectReference: {fileID: 0}
    - target: {fileID: 3814449697672344476, guid: 21a26440d3688164e921e080592f05f5, type: 3}
      propertyPath: m_LocalRotation.w
      value: 1
      objectReference: {fileID: 0}
    - target: {fileID: 3814449697672344476, guid: 21a26440d3688164e921e080592f05f5, type: 3}
      propertyPath: m_LocalRotation.x
      value: 0
      objectReference: {fileID: 0}
    - target: {fileID: 3814449697672344476, guid: 21a26440d3688164e921e080592f05f5, type: 3}
      propertyPath: m_LocalRotation.y
      value: 0
      objectReference: {fileID: 0}
    - target: {fileID: 3814449697672344476, guid: 21a26440d3688164e921e080592f05f5, type: 3}
      propertyPath: m_LocalRotation.z
      value: 0
      objectReference: {fileID: 0}
    - target: {fileID: 3814449697672344476, guid: 21a26440d3688164e921e080592f05f5, type: 3}
      propertyPath: m_LocalEulerAnglesHint.x
      value: 0
      objectReference: {fileID: 0}
    - target: {fileID: 3814449697672344476, guid: 21a26440d3688164e921e080592f05f5, type: 3}
      propertyPath: m_LocalEulerAnglesHint.y
      value: 0
      objectReference: {fileID: 0}
    - target: {fileID: 3814449697672344476, guid: 21a26440d3688164e921e080592f05f5, type: 3}
      propertyPath: m_LocalEulerAnglesHint.z
      value: 0
      objectReference: {fileID: 0}
    - target: {fileID: 4585919405038987558, guid: 21a26440d3688164e921e080592f05f5, type: 3}
      propertyPath: m_Name
      value: Engy_friend_01
      objectReference: {fileID: 0}
    m_RemovedComponents: []
  m_SourcePrefab: {fileID: 100100000, guid: 21a26440d3688164e921e080592f05f5, type: 3}
--- !u!1001 &2591286062521710058
PrefabInstance:
  m_ObjectHideFlags: 0
  serializedVersion: 2
  m_Modification:
    m_TransformParent: {fileID: 0}
    m_Modifications:
    - target: {fileID: 2591286062064941877, guid: d69f27b5258af654d96a6ae6ee16d6f3, type: 3}
      propertyPath: m_RootOrder
      value: 17
      objectReference: {fileID: 0}
    - target: {fileID: 2591286062064941877, guid: d69f27b5258af654d96a6ae6ee16d6f3, type: 3}
      propertyPath: m_LocalPosition.x
      value: -0.677
      objectReference: {fileID: 0}
    - target: {fileID: 2591286062064941877, guid: d69f27b5258af654d96a6ae6ee16d6f3, type: 3}
      propertyPath: m_LocalPosition.y
      value: 0
      objectReference: {fileID: 0}
    - target: {fileID: 2591286062064941877, guid: d69f27b5258af654d96a6ae6ee16d6f3, type: 3}
      propertyPath: m_LocalPosition.z
      value: -1.981
      objectReference: {fileID: 0}
    - target: {fileID: 2591286062064941877, guid: d69f27b5258af654d96a6ae6ee16d6f3, type: 3}
      propertyPath: m_LocalRotation.w
      value: 1
      objectReference: {fileID: 0}
    - target: {fileID: 2591286062064941877, guid: d69f27b5258af654d96a6ae6ee16d6f3, type: 3}
      propertyPath: m_LocalRotation.x
      value: 0
      objectReference: {fileID: 0}
    - target: {fileID: 2591286062064941877, guid: d69f27b5258af654d96a6ae6ee16d6f3, type: 3}
      propertyPath: m_LocalRotation.y
      value: 0
      objectReference: {fileID: 0}
    - target: {fileID: 2591286062064941877, guid: d69f27b5258af654d96a6ae6ee16d6f3, type: 3}
      propertyPath: m_LocalRotation.z
      value: 0
      objectReference: {fileID: 0}
    - target: {fileID: 2591286062064941877, guid: d69f27b5258af654d96a6ae6ee16d6f3, type: 3}
      propertyPath: m_LocalEulerAnglesHint.x
      value: 0
      objectReference: {fileID: 0}
    - target: {fileID: 2591286062064941877, guid: d69f27b5258af654d96a6ae6ee16d6f3, type: 3}
      propertyPath: m_LocalEulerAnglesHint.y
      value: 0
      objectReference: {fileID: 0}
    - target: {fileID: 2591286062064941877, guid: d69f27b5258af654d96a6ae6ee16d6f3, type: 3}
      propertyPath: m_LocalEulerAnglesHint.z
      value: 0
      objectReference: {fileID: 0}
    - target: {fileID: 2591286062064941879, guid: d69f27b5258af654d96a6ae6ee16d6f3, type: 3}
      propertyPath: m_Name
      value: Thomas_sit_sofa
      objectReference: {fileID: 0}
    m_RemovedComponents: []
  m_SourcePrefab: {fileID: 100100000, guid: d69f27b5258af654d96a6ae6ee16d6f3, type: 3}
--- !u!1001 &2751311864387714478
PrefabInstance:
  m_ObjectHideFlags: 0
  serializedVersion: 2
  m_Modification:
    m_TransformParent: {fileID: 0}
    m_Modifications:
    - target: {fileID: 8153666384858049306, guid: 4cb19b48a63295842add611f03d878b7, type: 3}
      propertyPath: m_RootOrder
      value: 15
      objectReference: {fileID: 0}
    - target: {fileID: 8153666384858049306, guid: 4cb19b48a63295842add611f03d878b7, type: 3}
      propertyPath: m_LocalPosition.x
      value: -4.23
      objectReference: {fileID: 0}
    - target: {fileID: 8153666384858049306, guid: 4cb19b48a63295842add611f03d878b7, type: 3}
      propertyPath: m_LocalPosition.y
      value: 0
      objectReference: {fileID: 0}
    - target: {fileID: 8153666384858049306, guid: 4cb19b48a63295842add611f03d878b7, type: 3}
      propertyPath: m_LocalPosition.z
      value: -2.25
      objectReference: {fileID: 0}
    - target: {fileID: 8153666384858049306, guid: 4cb19b48a63295842add611f03d878b7, type: 3}
      propertyPath: m_LocalRotation.w
      value: 1
      objectReference: {fileID: 0}
    - target: {fileID: 8153666384858049306, guid: 4cb19b48a63295842add611f03d878b7, type: 3}
      propertyPath: m_LocalRotation.x
      value: 0
      objectReference: {fileID: 0}
    - target: {fileID: 8153666384858049306, guid: 4cb19b48a63295842add611f03d878b7, type: 3}
      propertyPath: m_LocalRotation.y
      value: 0
      objectReference: {fileID: 0}
    - target: {fileID: 8153666384858049306, guid: 4cb19b48a63295842add611f03d878b7, type: 3}
      propertyPath: m_LocalRotation.z
      value: 0
      objectReference: {fileID: 0}
    - target: {fileID: 8153666384858049306, guid: 4cb19b48a63295842add611f03d878b7, type: 3}
      propertyPath: m_LocalEulerAnglesHint.x
      value: 0
      objectReference: {fileID: 0}
    - target: {fileID: 8153666384858049306, guid: 4cb19b48a63295842add611f03d878b7, type: 3}
      propertyPath: m_LocalEulerAnglesHint.y
      value: 0
      objectReference: {fileID: 0}
    - target: {fileID: 8153666384858049306, guid: 4cb19b48a63295842add611f03d878b7, type: 3}
      propertyPath: m_LocalEulerAnglesHint.z
      value: 0
      objectReference: {fileID: 0}
    - target: {fileID: 8821554190107128224, guid: 4cb19b48a63295842add611f03d878b7, type: 3}
      propertyPath: m_Name
      value: Thomas_idle
      objectReference: {fileID: 0}
    m_RemovedComponents: []
  m_SourcePrefab: {fileID: 100100000, guid: 4cb19b48a63295842add611f03d878b7, type: 3}
--- !u!1001 &3665844027973251699
PrefabInstance:
  m_ObjectHideFlags: 0
  serializedVersion: 2
  m_Modification:
    m_TransformParent: {fileID: 0}
    m_Modifications:
    - target: {fileID: 3665844029815125349, guid: d3e501937089903428563285db0efd52, type: 3}
      propertyPath: m_Name
      value: Thomas_sit_chair
      objectReference: {fileID: 0}
    - target: {fileID: 3665844029815125355, guid: d3e501937089903428563285db0efd52, type: 3}
      propertyPath: m_RootOrder
      value: 16
      objectReference: {fileID: 0}
    - target: {fileID: 3665844029815125355, guid: d3e501937089903428563285db0efd52, type: 3}
      propertyPath: m_LocalPosition.x
      value: -2.576
      objectReference: {fileID: 0}
    - target: {fileID: 3665844029815125355, guid: d3e501937089903428563285db0efd52, type: 3}
      propertyPath: m_LocalPosition.y
      value: 0
      objectReference: {fileID: 0}
    - target: {fileID: 3665844029815125355, guid: d3e501937089903428563285db0efd52, type: 3}
      propertyPath: m_LocalPosition.z
      value: -2.034
      objectReference: {fileID: 0}
    - target: {fileID: 3665844029815125355, guid: d3e501937089903428563285db0efd52, type: 3}
      propertyPath: m_LocalRotation.w
      value: 1
      objectReference: {fileID: 0}
    - target: {fileID: 3665844029815125355, guid: d3e501937089903428563285db0efd52, type: 3}
      propertyPath: m_LocalRotation.x
      value: 0
      objectReference: {fileID: 0}
    - target: {fileID: 3665844029815125355, guid: d3e501937089903428563285db0efd52, type: 3}
      propertyPath: m_LocalRotation.y
      value: 0
      objectReference: {fileID: 0}
    - target: {fileID: 3665844029815125355, guid: d3e501937089903428563285db0efd52, type: 3}
      propertyPath: m_LocalRotation.z
      value: 0
      objectReference: {fileID: 0}
    - target: {fileID: 3665844029815125355, guid: d3e501937089903428563285db0efd52, type: 3}
      propertyPath: m_LocalEulerAnglesHint.x
      value: 0
      objectReference: {fileID: 0}
    - target: {fileID: 3665844029815125355, guid: d3e501937089903428563285db0efd52, type: 3}
      propertyPath: m_LocalEulerAnglesHint.y
      value: 0
      objectReference: {fileID: 0}
    - target: {fileID: 3665844029815125355, guid: d3e501937089903428563285db0efd52, type: 3}
      propertyPath: m_LocalEulerAnglesHint.z
      value: 0
      objectReference: {fileID: 0}
    m_RemovedComponents: []
  m_SourcePrefab: {fileID: 100100000, guid: d3e501937089903428563285db0efd52, type: 3}
--- !u!1001 &4178793848464645456
PrefabInstance:
  m_ObjectHideFlags: 0
  serializedVersion: 2
  m_Modification:
    m_TransformParent: {fileID: 0}
    m_Modifications:
    - target: {fileID: 343434292699116494, guid: 75aebe373a3f07141ada22fdfa040e04, type: 3}
      propertyPath: m_RootOrder
      value: 21
      objectReference: {fileID: 0}
    - target: {fileID: 343434292699116494, guid: 75aebe373a3f07141ada22fdfa040e04, type: 3}
      propertyPath: m_LocalPosition.x
      value: -8.29
      objectReference: {fileID: 0}
    - target: {fileID: 343434292699116494, guid: 75aebe373a3f07141ada22fdfa040e04, type: 3}
      propertyPath: m_LocalPosition.y
      value: 1.27
      objectReference: {fileID: 0}
    - target: {fileID: 343434292699116494, guid: 75aebe373a3f07141ada22fdfa040e04, type: 3}
      propertyPath: m_LocalPosition.z
      value: 0.41
      objectReference: {fileID: 0}
    - target: {fileID: 343434292699116494, guid: 75aebe373a3f07141ada22fdfa040e04, type: 3}
      propertyPath: m_LocalRotation.w
      value: 1
      objectReference: {fileID: 0}
    - target: {fileID: 343434292699116494, guid: 75aebe373a3f07141ada22fdfa040e04, type: 3}
      propertyPath: m_LocalRotation.x
      value: 0
      objectReference: {fileID: 0}
    - target: {fileID: 343434292699116494, guid: 75aebe373a3f07141ada22fdfa040e04, type: 3}
      propertyPath: m_LocalRotation.y
      value: 0
      objectReference: {fileID: 0}
    - target: {fileID: 343434292699116494, guid: 75aebe373a3f07141ada22fdfa040e04, type: 3}
      propertyPath: m_LocalRotation.z
      value: 0
      objectReference: {fileID: 0}
    - target: {fileID: 343434292699116494, guid: 75aebe373a3f07141ada22fdfa040e04, type: 3}
      propertyPath: m_LocalEulerAnglesHint.x
      value: 0
      objectReference: {fileID: 0}
    - target: {fileID: 343434292699116494, guid: 75aebe373a3f07141ada22fdfa040e04, type: 3}
      propertyPath: m_LocalEulerAnglesHint.y
      value: 0
      objectReference: {fileID: 0}
    - target: {fileID: 343434292699116494, guid: 75aebe373a3f07141ada22fdfa040e04, type: 3}
      propertyPath: m_LocalEulerAnglesHint.z
      value: 0
      objectReference: {fileID: 0}
    - target: {fileID: 1121342465349314932, guid: 75aebe373a3f07141ada22fdfa040e04, type: 3}
      propertyPath: m_Name
      value: Engy_friend_04
      objectReference: {fileID: 0}
    m_RemovedComponents: []
  m_SourcePrefab: {fileID: 100100000, guid: 75aebe373a3f07141ada22fdfa040e04, type: 3}
--- !u!1001 &5777907525289390076
PrefabInstance:
  m_ObjectHideFlags: 0
  serializedVersion: 2
  m_Modification:
    m_TransformParent: {fileID: 0}
    m_Modifications:
    - target: {fileID: 7104042781414674208, guid: 5e845097cc942c1438a9a652f04e659d, type: 3}
      propertyPath: m_RootOrder
      value: 20
      objectReference: {fileID: 0}
    - target: {fileID: 7104042781414674208, guid: 5e845097cc942c1438a9a652f04e659d, type: 3}
      propertyPath: m_LocalPosition.x
      value: -6.93
      objectReference: {fileID: 0}
    - target: {fileID: 7104042781414674208, guid: 5e845097cc942c1438a9a652f04e659d, type: 3}
      propertyPath: m_LocalPosition.y
      value: 1.09
      objectReference: {fileID: 0}
    - target: {fileID: 7104042781414674208, guid: 5e845097cc942c1438a9a652f04e659d, type: 3}
      propertyPath: m_LocalPosition.z
      value: 0.27900004
      objectReference: {fileID: 0}
    - target: {fileID: 7104042781414674208, guid: 5e845097cc942c1438a9a652f04e659d, type: 3}
      propertyPath: m_LocalRotation.w
      value: 1
      objectReference: {fileID: 0}
    - target: {fileID: 7104042781414674208, guid: 5e845097cc942c1438a9a652f04e659d, type: 3}
      propertyPath: m_LocalRotation.x
      value: 0
      objectReference: {fileID: 0}
    - target: {fileID: 7104042781414674208, guid: 5e845097cc942c1438a9a652f04e659d, type: 3}
      propertyPath: m_LocalRotation.y
      value: 0
      objectReference: {fileID: 0}
    - target: {fileID: 7104042781414674208, guid: 5e845097cc942c1438a9a652f04e659d, type: 3}
      propertyPath: m_LocalRotation.z
      value: 0
      objectReference: {fileID: 0}
    - target: {fileID: 7104042781414674208, guid: 5e845097cc942c1438a9a652f04e659d, type: 3}
      propertyPath: m_LocalEulerAnglesHint.x
      value: 0
      objectReference: {fileID: 0}
    - target: {fileID: 7104042781414674208, guid: 5e845097cc942c1438a9a652f04e659d, type: 3}
      propertyPath: m_LocalEulerAnglesHint.y
      value: 0
      objectReference: {fileID: 0}
    - target: {fileID: 7104042781414674208, guid: 5e845097cc942c1438a9a652f04e659d, type: 3}
      propertyPath: m_LocalEulerAnglesHint.z
      value: 0
      objectReference: {fileID: 0}
    - target: {fileID: 7628378592830166426, guid: 5e845097cc942c1438a9a652f04e659d, type: 3}
      propertyPath: m_Name
      value: Engy_friend_03
      objectReference: {fileID: 0}
    m_RemovedComponents: []
  m_SourcePrefab: {fileID: 100100000, guid: 5e845097cc942c1438a9a652f04e659d, type: 3}
--- !u!1001 &5998916069748093657
PrefabInstance:
  m_ObjectHideFlags: 0
  serializedVersion: 2
  m_Modification:
    m_TransformParent: {fileID: 0}
    m_Modifications:
    - target: {fileID: 7407562544448530364, guid: b36e611a5f5881f4c8639087824f4771, type: 3}
      propertyPath: m_Name
      value: Engy_idle
      objectReference: {fileID: 0}
    - target: {fileID: 7892314597840370950, guid: b36e611a5f5881f4c8639087824f4771, type: 3}
      propertyPath: m_RootOrder
      value: 7
      objectReference: {fileID: 0}
    - target: {fileID: 7892314597840370950, guid: b36e611a5f5881f4c8639087824f4771, type: 3}
      propertyPath: m_LocalPosition.x
      value: 3.404
      objectReference: {fileID: 0}
    - target: {fileID: 7892314597840370950, guid: b36e611a5f5881f4c8639087824f4771, type: 3}
      propertyPath: m_LocalPosition.y
      value: 0
      objectReference: {fileID: 0}
    - target: {fileID: 7892314597840370950, guid: b36e611a5f5881f4c8639087824f4771, type: 3}
      propertyPath: m_LocalPosition.z
      value: 2.742
      objectReference: {fileID: 0}
    - target: {fileID: 7892314597840370950, guid: b36e611a5f5881f4c8639087824f4771, type: 3}
      propertyPath: m_LocalRotation.w
      value: 1
      objectReference: {fileID: 0}
    - target: {fileID: 7892314597840370950, guid: b36e611a5f5881f4c8639087824f4771, type: 3}
      propertyPath: m_LocalRotation.x
      value: 0
      objectReference: {fileID: 0}
    - target: {fileID: 7892314597840370950, guid: b36e611a5f5881f4c8639087824f4771, type: 3}
      propertyPath: m_LocalRotation.y
      value: 0
      objectReference: {fileID: 0}
    - target: {fileID: 7892314597840370950, guid: b36e611a5f5881f4c8639087824f4771, type: 3}
      propertyPath: m_LocalRotation.z
      value: 0
      objectReference: {fileID: 0}
    - target: {fileID: 7892314597840370950, guid: b36e611a5f5881f4c8639087824f4771, type: 3}
      propertyPath: m_LocalEulerAnglesHint.x
      value: 0
      objectReference: {fileID: 0}
    - target: {fileID: 7892314597840370950, guid: b36e611a5f5881f4c8639087824f4771, type: 3}
      propertyPath: m_LocalEulerAnglesHint.y
      value: 0
      objectReference: {fileID: 0}
    - target: {fileID: 7892314597840370950, guid: b36e611a5f5881f4c8639087824f4771, type: 3}
      propertyPath: m_LocalEulerAnglesHint.z
      value: 0
      objectReference: {fileID: 0}
    m_RemovedComponents: []
  m_SourcePrefab: {fileID: 100100000, guid: b36e611a5f5881f4c8639087824f4771, type: 3}
--- !u!1001 &6707924102281000306
PrefabInstance:
  m_ObjectHideFlags: 0
  serializedVersion: 2
  m_Modification:
    m_TransformParent: {fileID: 0}
    m_Modifications:
    - target: {fileID: 6707924102051053753, guid: dcaa5b2a43c12c840bf9ad4bbd10e805, type: 3}
      propertyPath: m_RootOrder
      value: 11
      objectReference: {fileID: 0}
    - target: {fileID: 6707924102051053753, guid: dcaa5b2a43c12c840bf9ad4bbd10e805, type: 3}
      propertyPath: m_LocalPosition.x
      value: 4.449
      objectReference: {fileID: 0}
    - target: {fileID: 6707924102051053753, guid: dcaa5b2a43c12c840bf9ad4bbd10e805, type: 3}
      propertyPath: m_LocalPosition.y
      value: 0
      objectReference: {fileID: 0}
    - target: {fileID: 6707924102051053753, guid: dcaa5b2a43c12c840bf9ad4bbd10e805, type: 3}
      propertyPath: m_LocalPosition.z
      value: -0.114
      objectReference: {fileID: 0}
    - target: {fileID: 6707924102051053753, guid: dcaa5b2a43c12c840bf9ad4bbd10e805, type: 3}
      propertyPath: m_LocalRotation.w
      value: 1
      objectReference: {fileID: 0}
    - target: {fileID: 6707924102051053753, guid: dcaa5b2a43c12c840bf9ad4bbd10e805, type: 3}
      propertyPath: m_LocalRotation.x
      value: 0
      objectReference: {fileID: 0}
    - target: {fileID: 6707924102051053753, guid: dcaa5b2a43c12c840bf9ad4bbd10e805, type: 3}
      propertyPath: m_LocalRotation.y
      value: 0
      objectReference: {fileID: 0}
    - target: {fileID: 6707924102051053753, guid: dcaa5b2a43c12c840bf9ad4bbd10e805, type: 3}
      propertyPath: m_LocalRotation.z
      value: 0
      objectReference: {fileID: 0}
    - target: {fileID: 6707924102051053753, guid: dcaa5b2a43c12c840bf9ad4bbd10e805, type: 3}
      propertyPath: m_LocalEulerAnglesHint.x
      value: 0
      objectReference: {fileID: 0}
    - target: {fileID: 6707924102051053753, guid: dcaa5b2a43c12c840bf9ad4bbd10e805, type: 3}
      propertyPath: m_LocalEulerAnglesHint.y
      value: 0
      objectReference: {fileID: 0}
    - target: {fileID: 6707924102051053753, guid: dcaa5b2a43c12c840bf9ad4bbd10e805, type: 3}
      propertyPath: m_LocalEulerAnglesHint.z
      value: 0
      objectReference: {fileID: 0}
    - target: {fileID: 6707924102051053755, guid: dcaa5b2a43c12c840bf9ad4bbd10e805, type: 3}
      propertyPath: m_Name
      value: Maria_sit_chair
      objectReference: {fileID: 0}
    m_RemovedComponents: []
  m_SourcePrefab: {fileID: 100100000, guid: dcaa5b2a43c12c840bf9ad4bbd10e805, type: 3}
--- !u!1001 &7025422577351673536
PrefabInstance:
  m_ObjectHideFlags: 0
  serializedVersion: 2
  m_Modification:
    m_TransformParent: {fileID: 0}
    m_Modifications:
    - target: {fileID: 1417360478722471190, guid: 01bb7ea0d61462c47b5988d57a5ebd5b, type: 3}
      propertyPath: m_Name
      value: Engy_friend_02
      objectReference: {fileID: 0}
    - target: {fileID: 1792618967750045612, guid: 01bb7ea0d61462c47b5988d57a5ebd5b, type: 3}
      propertyPath: m_RootOrder
      value: 19
      objectReference: {fileID: 0}
    - target: {fileID: 1792618967750045612, guid: 01bb7ea0d61462c47b5988d57a5ebd5b, type: 3}
      propertyPath: m_LocalPosition.x
      value: -5.74
      objectReference: {fileID: 0}
    - target: {fileID: 1792618967750045612, guid: 01bb7ea0d61462c47b5988d57a5ebd5b, type: 3}
      propertyPath: m_LocalPosition.y
      value: 1.38
      objectReference: {fileID: 0}
    - target: {fileID: 1792618967750045612, guid: 01bb7ea0d61462c47b5988d57a5ebd5b, type: 3}
      propertyPath: m_LocalPosition.z
      value: 0.44
      objectReference: {fileID: 0}
    - target: {fileID: 1792618967750045612, guid: 01bb7ea0d61462c47b5988d57a5ebd5b, type: 3}
      propertyPath: m_LocalRotation.w
      value: 1
      objectReference: {fileID: 0}
    - target: {fileID: 1792618967750045612, guid: 01bb7ea0d61462c47b5988d57a5ebd5b, type: 3}
      propertyPath: m_LocalRotation.x
      value: 0
      objectReference: {fileID: 0}
    - target: {fileID: 1792618967750045612, guid: 01bb7ea0d61462c47b5988d57a5ebd5b, type: 3}
      propertyPath: m_LocalRotation.y
      value: 0
      objectReference: {fileID: 0}
    - target: {fileID: 1792618967750045612, guid: 01bb7ea0d61462c47b5988d57a5ebd5b, type: 3}
      propertyPath: m_LocalRotation.z
      value: 0
      objectReference: {fileID: 0}
    - target: {fileID: 1792618967750045612, guid: 01bb7ea0d61462c47b5988d57a5ebd5b, type: 3}
      propertyPath: m_LocalEulerAnglesHint.x
      value: 0
      objectReference: {fileID: 0}
    - target: {fileID: 1792618967750045612, guid: 01bb7ea0d61462c47b5988d57a5ebd5b, type: 3}
      propertyPath: m_LocalEulerAnglesHint.y
      value: 0
      objectReference: {fileID: 0}
    - target: {fileID: 1792618967750045612, guid: 01bb7ea0d61462c47b5988d57a5ebd5b, type: 3}
      propertyPath: m_LocalEulerAnglesHint.z
      value: 0
      objectReference: {fileID: 0}
    m_RemovedComponents: []
  m_SourcePrefab: {fileID: 100100000, guid: 01bb7ea0d61462c47b5988d57a5ebd5b, type: 3}
--- !u!1001 &8341766699463324074
PrefabInstance:
  m_ObjectHideFlags: 0
  serializedVersion: 2
  m_Modification:
    m_TransformParent: {fileID: 0}
    m_Modifications:
    - target: {fileID: 2586265600909246524, guid: adfcc086f59bbcf47bb8ef3e39b4e9b0, type: 3}
      propertyPath: m_Name
      value: Maria_idle
      objectReference: {fileID: 0}
    - target: {fileID: 2931722892707256966, guid: adfcc086f59bbcf47bb8ef3e39b4e9b0, type: 3}
      propertyPath: m_RootOrder
      value: 10
      objectReference: {fileID: 0}
    - target: {fileID: 2931722892707256966, guid: adfcc086f59bbcf47bb8ef3e39b4e9b0, type: 3}
      propertyPath: m_LocalPosition.x
      value: 2.72
      objectReference: {fileID: 0}
    - target: {fileID: 2931722892707256966, guid: adfcc086f59bbcf47bb8ef3e39b4e9b0, type: 3}
      propertyPath: m_LocalPosition.y
      value: 0
      objectReference: {fileID: 0}
    - target: {fileID: 2931722892707256966, guid: adfcc086f59bbcf47bb8ef3e39b4e9b0, type: 3}
      propertyPath: m_LocalPosition.z
      value: -0.22
      objectReference: {fileID: 0}
    - target: {fileID: 2931722892707256966, guid: adfcc086f59bbcf47bb8ef3e39b4e9b0, type: 3}
      propertyPath: m_LocalRotation.w
      value: 1
      objectReference: {fileID: 0}
    - target: {fileID: 2931722892707256966, guid: adfcc086f59bbcf47bb8ef3e39b4e9b0, type: 3}
      propertyPath: m_LocalRotation.x
      value: 0
      objectReference: {fileID: 0}
    - target: {fileID: 2931722892707256966, guid: adfcc086f59bbcf47bb8ef3e39b4e9b0, type: 3}
      propertyPath: m_LocalRotation.y
      value: 0
      objectReference: {fileID: 0}
    - target: {fileID: 2931722892707256966, guid: adfcc086f59bbcf47bb8ef3e39b4e9b0, type: 3}
      propertyPath: m_LocalRotation.z
      value: 0
      objectReference: {fileID: 0}
    - target: {fileID: 2931722892707256966, guid: adfcc086f59bbcf47bb8ef3e39b4e9b0, type: 3}
      propertyPath: m_LocalEulerAnglesHint.x
      value: 0
      objectReference: {fileID: 0}
    - target: {fileID: 2931722892707256966, guid: adfcc086f59bbcf47bb8ef3e39b4e9b0, type: 3}
      propertyPath: m_LocalEulerAnglesHint.y
      value: 0
      objectReference: {fileID: 0}
    - target: {fileID: 2931722892707256966, guid: adfcc086f59bbcf47bb8ef3e39b4e9b0, type: 3}
      propertyPath: m_LocalEulerAnglesHint.z
      value: 0
      objectReference: {fileID: 0}
    m_RemovedComponents: []
  m_SourcePrefab: {fileID: 100100000, guid: adfcc086f59bbcf47bb8ef3e39b4e9b0, type: 3}
--- !u!1001 &8452140116480985939
PrefabInstance:
  m_ObjectHideFlags: 0
  serializedVersion: 2
  m_Modification:
    m_TransformParent: {fileID: 0}
    m_Modifications:
    - target: {fileID: 8452140118219349408, guid: fe48e73e25f8d1543bc13663986b9392, type: 3}
      propertyPath: m_Name
      value: Maria_sit_sofa
      objectReference: {fileID: 0}
    - target: {fileID: 8452140118219349414, guid: fe48e73e25f8d1543bc13663986b9392, type: 3}
      propertyPath: m_RootOrder
      value: 12
      objectReference: {fileID: 0}
    - target: {fileID: 8452140118219349414, guid: fe48e73e25f8d1543bc13663986b9392, type: 3}
      propertyPath: m_LocalPosition.x
      value: 6.932
      objectReference: {fileID: 0}
    - target: {fileID: 8452140118219349414, guid: fe48e73e25f8d1543bc13663986b9392, type: 3}
      propertyPath: m_LocalPosition.y
      value: 0
      objectReference: {fileID: 0}
    - target: {fileID: 8452140118219349414, guid: fe48e73e25f8d1543bc13663986b9392, type: 3}
      propertyPath: m_LocalPosition.z
      value: -0.111
      objectReference: {fileID: 0}
    - target: {fileID: 8452140118219349414, guid: fe48e73e25f8d1543bc13663986b9392, type: 3}
      propertyPath: m_LocalRotation.w
      value: 1
      objectReference: {fileID: 0}
    - target: {fileID: 8452140118219349414, guid: fe48e73e25f8d1543bc13663986b9392, type: 3}
      propertyPath: m_LocalRotation.x
      value: 0
      objectReference: {fileID: 0}
    - target: {fileID: 8452140118219349414, guid: fe48e73e25f8d1543bc13663986b9392, type: 3}
      propertyPath: m_LocalRotation.y
      value: 0
      objectReference: {fileID: 0}
    - target: {fileID: 8452140118219349414, guid: fe48e73e25f8d1543bc13663986b9392, type: 3}
      propertyPath: m_LocalRotation.z
      value: 0
      objectReference: {fileID: 0}
    - target: {fileID: 8452140118219349414, guid: fe48e73e25f8d1543bc13663986b9392, type: 3}
      propertyPath: m_LocalEulerAnglesHint.x
      value: 0
      objectReference: {fileID: 0}
    - target: {fileID: 8452140118219349414, guid: fe48e73e25f8d1543bc13663986b9392, type: 3}
      propertyPath: m_LocalEulerAnglesHint.y
      value: 0
      objectReference: {fileID: 0}
    - target: {fileID: 8452140118219349414, guid: fe48e73e25f8d1543bc13663986b9392, type: 3}
      propertyPath: m_LocalEulerAnglesHint.z
      value: 0
      objectReference: {fileID: 0}
    m_RemovedComponents: []
  m_SourcePrefab: {fileID: 100100000, guid: fe48e73e25f8d1543bc13663986b9392, type: 3}
--- !u!1001 &8678160805082591210
PrefabInstance:
  m_ObjectHideFlags: 0
  serializedVersion: 2
  m_Modification:
    m_TransformParent: {fileID: 0}
    m_Modifications:
    - target: {fileID: 8678160803213498169, guid: 05763d142e5dd4c4ba34234e3dfe872e, type: 3}
      propertyPath: m_RootOrder
      value: 5
      objectReference: {fileID: 0}
    - target: {fileID: 8678160803213498169, guid: 05763d142e5dd4c4ba34234e3dfe872e, type: 3}
      propertyPath: m_LocalPosition.x
      value: -1.46
      objectReference: {fileID: 0}
    - target: {fileID: 8678160803213498169, guid: 05763d142e5dd4c4ba34234e3dfe872e, type: 3}
      propertyPath: m_LocalPosition.y
      value: 0
      objectReference: {fileID: 0}
    - target: {fileID: 8678160803213498169, guid: 05763d142e5dd4c4ba34234e3dfe872e, type: 3}
      propertyPath: m_LocalPosition.z
      value: 3.03
      objectReference: {fileID: 0}
    - target: {fileID: 8678160803213498169, guid: 05763d142e5dd4c4ba34234e3dfe872e, type: 3}
      propertyPath: m_LocalRotation.w
      value: 1
      objectReference: {fileID: 0}
    - target: {fileID: 8678160803213498169, guid: 05763d142e5dd4c4ba34234e3dfe872e, type: 3}
      propertyPath: m_LocalRotation.x
      value: 0
      objectReference: {fileID: 0}
    - target: {fileID: 8678160803213498169, guid: 05763d142e5dd4c4ba34234e3dfe872e, type: 3}
      propertyPath: m_LocalRotation.y
      value: 0
      objectReference: {fileID: 0}
    - target: {fileID: 8678160803213498169, guid: 05763d142e5dd4c4ba34234e3dfe872e, type: 3}
      propertyPath: m_LocalRotation.z
      value: 0
      objectReference: {fileID: 0}
    - target: {fileID: 8678160803213498169, guid: 05763d142e5dd4c4ba34234e3dfe872e, type: 3}
      propertyPath: m_LocalEulerAnglesHint.x
      value: 0
      objectReference: {fileID: 0}
    - target: {fileID: 8678160803213498169, guid: 05763d142e5dd4c4ba34234e3dfe872e, type: 3}
      propertyPath: m_LocalEulerAnglesHint.y
      value: 0
      objectReference: {fileID: 0}
    - target: {fileID: 8678160803213498169, guid: 05763d142e5dd4c4ba34234e3dfe872e, type: 3}
      propertyPath: m_LocalEulerAnglesHint.z
      value: 0
      objectReference: {fileID: 0}
    - target: {fileID: 8678160803213498171, guid: 05763d142e5dd4c4ba34234e3dfe872e, type: 3}
      propertyPath: m_Name
      value: Engy_sit_chair
      objectReference: {fileID: 0}
    m_RemovedComponents: []
  m_SourcePrefab: {fileID: 100100000, guid: 05763d142e5dd4c4ba34234e3dfe872e, type: 3}
--- !u!1001 &9044410137533789418
PrefabInstance:
  m_ObjectHideFlags: 0
  serializedVersion: 2
  m_Modification:
    m_TransformParent: {fileID: 0}
    m_Modifications:
    - target: {fileID: 9044410136406000937, guid: 823924526c6df1048bcd290974aba4df, type: 3}
      propertyPath: m_Name
      value: Engy_sit_sofa
      objectReference: {fileID: 0}
    - target: {fileID: 9044410136406000943, guid: 823924526c6df1048bcd290974aba4df, type: 3}
      propertyPath: m_RootOrder
      value: 6
      objectReference: {fileID: 0}
    - target: {fileID: 9044410136406000943, guid: 823924526c6df1048bcd290974aba4df, type: 3}
      propertyPath: m_LocalPosition.x
      value: 0.9
      objectReference: {fileID: 0}
    - target: {fileID: 9044410136406000943, guid: 823924526c6df1048bcd290974aba4df, type: 3}
      propertyPath: m_LocalPosition.y
      value: 0
      objectReference: {fileID: 0}
    - target: {fileID: 9044410136406000943, guid: 823924526c6df1048bcd290974aba4df, type: 3}
      propertyPath: m_LocalPosition.z
      value: 2.76
      objectReference: {fileID: 0}
    - target: {fileID: 9044410136406000943, guid: 823924526c6df1048bcd290974aba4df, type: 3}
      propertyPath: m_LocalRotation.w
      value: 1
      objectReference: {fileID: 0}
    - target: {fileID: 9044410136406000943, guid: 823924526c6df1048bcd290974aba4df, type: 3}
      propertyPath: m_LocalRotation.x
      value: 0
      objectReference: {fileID: 0}
    - target: {fileID: 9044410136406000943, guid: 823924526c6df1048bcd290974aba4df, type: 3}
      propertyPath: m_LocalRotation.y
      value: 0
      objectReference: {fileID: 0}
    - target: {fileID: 9044410136406000943, guid: 823924526c6df1048bcd290974aba4df, type: 3}
      propertyPath: m_LocalRotation.z
      value: 0
      objectReference: {fileID: 0}
    - target: {fileID: 9044410136406000943, guid: 823924526c6df1048bcd290974aba4df, type: 3}
      propertyPath: m_LocalEulerAnglesHint.x
      value: 0
      objectReference: {fileID: 0}
    - target: {fileID: 9044410136406000943, guid: 823924526c6df1048bcd290974aba4df, type: 3}
      propertyPath: m_LocalEulerAnglesHint.y
      value: 0
      objectReference: {fileID: 0}
    - target: {fileID: 9044410136406000943, guid: 823924526c6df1048bcd290974aba4df, type: 3}
      propertyPath: m_LocalEulerAnglesHint.z
      value: 0
      objectReference: {fileID: 0}
    m_RemovedComponents: []
  m_SourcePrefab: {fileID: 100100000, guid: 823924526c6df1048bcd290974aba4df, type: 3}
