%YAML 1.1
%TAG !u! tag:unity3d.com,2011:
--- !u!1 &1363862609358839930
GameObject:
  m_ObjectHideFlags: 0
  m_CorrespondingSourceObject: {fileID: 0}
  m_PrefabInstance: {fileID: 0}
  m_PrefabAsset: {fileID: 0}
  serializedVersion: 6
  m_Component:
  - component: {fileID: 4110971592478842207}
  - component: {fileID: 219583027684013834}
  m_Layer: 0
  m_Name: default
  m_TagString: Untagged
  m_Icon: {fileID: 0}
  m_NavMeshLayer: 0
  m_StaticEditorFlags: 0
  m_IsActive: 1
--- !u!4 &4110971592478842207
Transform:
  m_ObjectHideFlags: 0
  m_CorrespondingSourceObject: {fileID: 0}
  m_PrefabInstance: {fileID: 0}
  m_PrefabAsset: {fileID: 0}
  m_GameObject: {fileID: 1363862609358839930}
  m_LocalRotation: {x: 0, y: 0, z: 0, w: 1}
  m_LocalPosition: {x: 0, y: 0, z: 0}
  m_LocalScale: {x: 1, y: 1, z: 1}
  m_Children: []
  m_Father: {fileID: 3463751047732768080}
  m_RootOrder: 0
  m_LocalEulerAnglesHint: {x: 0, y: 0, z: 0}
--- !u!114 &219583027684013834
MonoBehaviour:
  m_ObjectHideFlags: 0
  m_CorrespondingSourceObject: {fileID: 0}
  m_PrefabInstance: {fileID: 0}
  m_PrefabAsset: {fileID: 0}
  m_GameObject: {fileID: 1363862609358839930}
  m_Enabled: 1
  m_EditorHideFlags: 0
  m_Script: {fileID: 11500000, guid: 60152de8dadfb0d48bc56171f46a6d9e, type: 3}
  m_Name: 
  m_EditorClassIdentifier: 
  changeX: 1
  x: 4454.075
  changeY: 1
  y: 0.7350156
  changeFOV: 1
  fov: 50
  center: {fileID: 8331842349421125986}
--- !u!1 &2193910612556807852
GameObject:
  m_ObjectHideFlags: 0
  m_CorrespondingSourceObject: {fileID: 0}
  m_PrefabInstance: {fileID: 0}
  m_PrefabAsset: {fileID: 0}
  serializedVersion: 6
  m_Component:
  - component: {fileID: 8331842349421125986}
  m_Layer: 0
  m_Name: CENTERMARKPOINT
  m_TagString: Untagged
  m_Icon: {fileID: 0}
  m_NavMeshLayer: 0
  m_StaticEditorFlags: 0
  m_IsActive: 1
--- !u!4 &8331842349421125986
Transform:
  m_ObjectHideFlags: 0
  m_CorrespondingSourceObject: {fileID: 0}
  m_PrefabInstance: {fileID: 0}
  m_PrefabAsset: {fileID: 0}
  m_GameObject: {fileID: 2193910612556807852}
  m_LocalRotation: {x: -0, y: -0, z: -0, w: 1}
  m_LocalPosition: {x: -0.002, y: 0.163, z: -0.001}
  m_LocalScale: {x: 0.01, y: 0.01, z: 0.01}
  m_Children: []
  m_Father: {fileID: 679363783003489711}
  m_RootOrder: 0
  m_LocalEulerAnglesHint: {x: 0, y: 0, z: 0}
--- !u!1 &2240129107267177968
GameObject:
  m_ObjectHideFlags: 0
  m_CorrespondingSourceObject: {fileID: 0}
  m_PrefabInstance: {fileID: 0}
  m_PrefabAsset: {fileID: 0}
  serializedVersion: 6
  m_Component:
  - component: {fileID: 8653880435721596414}
  - component: {fileID: 6382384547872038337}
  - component: {fileID: 7885563421579225833}
  - component: {fileID: 5444930147123834744}
  m_Layer: 0
  m_Name: Shelf
  m_TagString: Untagged
  m_Icon: {fileID: 0}
  m_NavMeshLayer: 0
  m_StaticEditorFlags: 0
  m_IsActive: 0
--- !u!4 &8653880435721596414
Transform:
  m_ObjectHideFlags: 0
  m_CorrespondingSourceObject: {fileID: 0}
  m_PrefabInstance: {fileID: 0}
  m_PrefabAsset: {fileID: 0}
  m_GameObject: {fileID: 2240129107267177968}
  m_LocalRotation: {x: -0, y: -0, z: -0, w: 1}
  m_LocalPosition: {x: 0.12375, y: 0.075, z: -0.1055}
  m_LocalScale: {x: 0.03, y: 0.0075, z: 0.0625}
  m_Children: []
  m_Father: {fileID: 5409454246588440286}
  m_RootOrder: 6
  m_LocalEulerAnglesHint: {x: 0, y: 0, z: 0}
--- !u!33 &6382384547872038337
MeshFilter:
  m_ObjectHideFlags: 0
  m_CorrespondingSourceObject: {fileID: 0}
  m_PrefabInstance: {fileID: 0}
  m_PrefabAsset: {fileID: 0}
  m_GameObject: {fileID: 2240129107267177968}
  m_Mesh: {fileID: 10202, guid: 0000000000000000e000000000000000, type: 0}
--- !u!23 &7885563421579225833
MeshRenderer:
  m_ObjectHideFlags: 0
  m_CorrespondingSourceObject: {fileID: 0}
  m_PrefabInstance: {fileID: 0}
  m_PrefabAsset: {fileID: 0}
  m_GameObject: {fileID: 2240129107267177968}
  m_Enabled: 1
  m_CastShadows: 1
  m_ReceiveShadows: 1
  m_DynamicOccludee: 1
  m_MotionVectors: 1
  m_LightProbeUsage: 1
  m_ReflectionProbeUsage: 1
  m_RayTracingMode: 2
  m_RayTraceProcedural: 0
  m_RenderingLayerMask: 1
  m_RendererPriority: 0
  m_Materials:
  - {fileID: 2100000, guid: f8046925866632b4383638028fa0c834, type: 2}
  m_StaticBatchInfo:
    firstSubMesh: 0
    subMeshCount: 0
  m_StaticBatchRoot: {fileID: 0}
  m_ProbeAnchor: {fileID: 0}
  m_LightProbeVolumeOverride: {fileID: 0}
  m_ScaleInLightmap: 1
  m_ReceiveGI: 1
  m_PreserveUVs: 0
  m_IgnoreNormalsForChartDetection: 0
  m_ImportantGI: 0
  m_StitchLightmapSeams: 1
  m_SelectedEditorRenderState: 3
  m_MinimumChartSize: 4
  m_AutoUVMaxDistance: 0.5
  m_AutoUVMaxAngle: 89
  m_LightmapParameters: {fileID: 0}
  m_SortingLayerID: 0
  m_SortingLayer: 0
  m_SortingOrder: 0
  m_AdditionalVertexStreams: {fileID: 0}
--- !u!65 &5444930147123834744
BoxCollider:
  m_ObjectHideFlags: 0
  m_CorrespondingSourceObject: {fileID: 0}
  m_PrefabInstance: {fileID: 0}
  m_PrefabAsset: {fileID: 0}
  m_GameObject: {fileID: 2240129107267177968}
  m_Material: {fileID: 0}
  m_IsTrigger: 0
  m_Enabled: 1
  serializedVersion: 2
  m_Size: {x: 1, y: 1, z: 1}
  m_Center: {x: 0, y: 0, z: 0}
--- !u!1 &3068695168020172722
GameObject:
  m_ObjectHideFlags: 0
  m_CorrespondingSourceObject: {fileID: 0}
  m_PrefabInstance: {fileID: 0}
  m_PrefabAsset: {fileID: 0}
  serializedVersion: 6
  m_Component:
  - component: {fileID: 3463751047732768080}
  m_Layer: 0
  m_Name: VIEW
  m_TagString: Untagged
  m_Icon: {fileID: 0}
  m_NavMeshLayer: 0
  m_StaticEditorFlags: 0
  m_IsActive: 1
--- !u!4 &3463751047732768080
Transform:
  m_ObjectHideFlags: 0
  m_CorrespondingSourceObject: {fileID: 0}
  m_PrefabInstance: {fileID: 0}
  m_PrefabAsset: {fileID: 0}
  m_GameObject: {fileID: 3068695168020172722}
  m_LocalRotation: {x: -0, y: -0, z: -0, w: 1}
  m_LocalPosition: {x: 0, y: 0, z: 0}
  m_LocalScale: {x: 1, y: 1, z: 1}
  m_Children:
  - {fileID: 4110971592478842207}
  - {fileID: 679363783003489711}
  m_Father: {fileID: 4860318770443370541}
  m_RootOrder: 1
  m_LocalEulerAnglesHint: {x: 0, y: 0, z: 0}
--- !u!1 &4668277094927266436
GameObject:
  m_ObjectHideFlags: 0
  m_CorrespondingSourceObject: {fileID: 0}
  m_PrefabInstance: {fileID: 0}
  m_PrefabAsset: {fileID: 0}
  serializedVersion: 6
  m_Component:
  - component: {fileID: 679363783003489711}
  m_Layer: 0
  m_Name: VIEWMARKPOINT
  m_TagString: Untagged
  m_Icon: {fileID: 0}
  m_NavMeshLayer: 0
  m_StaticEditorFlags: 0
  m_IsActive: 1
--- !u!4 &679363783003489711
Transform:
  m_ObjectHideFlags: 0
  m_CorrespondingSourceObject: {fileID: 0}
  m_PrefabInstance: {fileID: 0}
  m_PrefabAsset: {fileID: 0}
  m_GameObject: {fileID: 4668277094927266436}
  m_LocalRotation: {x: -0, y: -0, z: -0, w: 1}
  m_LocalPosition: {x: 0, y: 0.15206385, z: 0}
  m_LocalScale: {x: 1, y: 1, z: 1}
  m_Children:
  - {fileID: 8331842349421125986}
  m_Father: {fileID: 3463751047732768080}
  m_RootOrder: 1
  m_LocalEulerAnglesHint: {x: 0, y: 0, z: 0}
--- !u!1 &5793879467828238342
GameObject:
  m_ObjectHideFlags: 0
  m_CorrespondingSourceObject: {fileID: 0}
  m_PrefabInstance: {fileID: 0}
  m_PrefabAsset: {fileID: 0}
  serializedVersion: 6
  m_Component:
  - component: {fileID: 9031465480852092756}
  - component: {fileID: 7248880065794294398}
  - component: {fileID: 3584467156081498647}
  - component: {fileID: 3958376375839512902}
  m_Layer: 0
  m_Name: Shelf
  m_TagString: Untagged
  m_Icon: {fileID: 0}
  m_NavMeshLayer: 0
  m_StaticEditorFlags: 0
  m_IsActive: 0
--- !u!4 &9031465480852092756
Transform:
  m_ObjectHideFlags: 0
  m_CorrespondingSourceObject: {fileID: 0}
  m_PrefabInstance: {fileID: 0}
  m_PrefabAsset: {fileID: 0}
  m_GameObject: {fileID: 5793879467828238342}
  m_LocalRotation: {x: -0, y: -0, z: -0, w: 1}
  m_LocalPosition: {x: 0.12375, y: 0.125, z: -0.1055}
  m_LocalScale: {x: 0.03, y: 0.0075, z: 0.0625}
  m_Children: []
  m_Father: {fileID: 5409454246588440286}
  m_RootOrder: 8
  m_LocalEulerAnglesHint: {x: 0, y: 0, z: 0}
--- !u!33 &7248880065794294398
MeshFilter:
  m_ObjectHideFlags: 0
  m_CorrespondingSourceObject: {fileID: 0}
  m_PrefabInstance: {fileID: 0}
  m_PrefabAsset: {fileID: 0}
  m_GameObject: {fileID: 5793879467828238342}
  m_Mesh: {fileID: 10202, guid: 0000000000000000e000000000000000, type: 0}
--- !u!23 &3584467156081498647
MeshRenderer:
  m_ObjectHideFlags: 0
  m_CorrespondingSourceObject: {fileID: 0}
  m_PrefabInstance: {fileID: 0}
  m_PrefabAsset: {fileID: 0}
  m_GameObject: {fileID: 5793879467828238342}
  m_Enabled: 1
  m_CastShadows: 1
  m_ReceiveShadows: 1
  m_DynamicOccludee: 1
  m_MotionVectors: 1
  m_LightProbeUsage: 1
  m_ReflectionProbeUsage: 1
  m_RayTracingMode: 2
  m_RayTraceProcedural: 0
  m_RenderingLayerMask: 1
  m_RendererPriority: 0
  m_Materials:
  - {fileID: 2100000, guid: f8046925866632b4383638028fa0c834, type: 2}
  m_StaticBatchInfo:
    firstSubMesh: 0
    subMeshCount: 0
  m_StaticBatchRoot: {fileID: 0}
  m_ProbeAnchor: {fileID: 0}
  m_LightProbeVolumeOverride: {fileID: 0}
  m_ScaleInLightmap: 1
  m_ReceiveGI: 1
  m_PreserveUVs: 0
  m_IgnoreNormalsForChartDetection: 0
  m_ImportantGI: 0
  m_StitchLightmapSeams: 1
  m_SelectedEditorRenderState: 3
  m_MinimumChartSize: 4
  m_AutoUVMaxDistance: 0.5
  m_AutoUVMaxAngle: 89
  m_LightmapParameters: {fileID: 0}
  m_SortingLayerID: 0
  m_SortingLayer: 0
  m_SortingOrder: 0
  m_AdditionalVertexStreams: {fileID: 0}
--- !u!65 &3958376375839512902
BoxCollider:
  m_ObjectHideFlags: 0
  m_CorrespondingSourceObject: {fileID: 0}
  m_PrefabInstance: {fileID: 0}
  m_PrefabAsset: {fileID: 0}
  m_GameObject: {fileID: 5793879467828238342}
  m_Material: {fileID: 0}
  m_IsTrigger: 0
  m_Enabled: 1
  serializedVersion: 2
  m_Size: {x: 1, y: 1, z: 1}
  m_Center: {x: 0, y: 0, z: 0}
--- !u!1 &5902115797757404290
GameObject:
  m_ObjectHideFlags: 0
  m_CorrespondingSourceObject: {fileID: 0}
  m_PrefabInstance: {fileID: 0}
  m_PrefabAsset: {fileID: 0}
  serializedVersion: 6
  m_Component:
  - component: {fileID: 5409454246588440286}
  m_Layer: 0
  m_Name: Environment
  m_TagString: Untagged
  m_Icon: {fileID: 0}
  m_NavMeshLayer: 0
  m_StaticEditorFlags: 0
  m_IsActive: 1
--- !u!4 &5409454246588440286
Transform:
  m_ObjectHideFlags: 0
  m_CorrespondingSourceObject: {fileID: 0}
  m_PrefabInstance: {fileID: 0}
  m_PrefabAsset: {fileID: 0}
  m_GameObject: {fileID: 5902115797757404290}
  m_LocalRotation: {x: 0, y: 0, z: 0, w: 1}
  m_LocalPosition: {x: 0, y: 0, z: 0.038}
  m_LocalScale: {x: 4, y: 4, z: 4}
  m_Children:
  - {fileID: 1297620170186204514}
  - {fileID: 8928632792788340628}
  - {fileID: 1563308122287944345}
  - {fileID: 2727916063852149010}
  - {fileID: 399686967235802951}
  - {fileID: 6520909600882729442}
  - {fileID: 8653880435721596414}
  - {fileID: 3391425799821521656}
  - {fileID: 9031465480852092756}
  - {fileID: 8563383665239072179}
  m_Father: {fileID: 8405937780857733088}
  m_RootOrder: 0
  m_LocalEulerAnglesHint: {x: 0, y: 0, z: 0}
--- !u!1 &7174811201900584251
GameObject:
  m_ObjectHideFlags: 0
  m_CorrespondingSourceObject: {fileID: 0}
  m_PrefabInstance: {fileID: 0}
  m_PrefabAsset: {fileID: 0}
  serializedVersion: 6
  m_Component:
  - component: {fileID: 4860318770443370541}
  - component: {fileID: 186426681191441595}
  - component: {fileID: 5455350937624072371}
  m_Layer: 0
  m_Name: LIVINGROOM
  m_TagString: Untagged
  m_Icon: {fileID: 0}
  m_NavMeshLayer: 0
  m_StaticEditorFlags: 0
  m_IsActive: 1
--- !u!4 &4860318770443370541
Transform:
  m_ObjectHideFlags: 0
  m_CorrespondingSourceObject: {fileID: 0}
  m_PrefabInstance: {fileID: 0}
  m_PrefabAsset: {fileID: 0}
  m_GameObject: {fileID: 7174811201900584251}
  m_LocalRotation: {x: 0, y: 0, z: 0, w: 1}
  m_LocalPosition: {x: 0, y: 0, z: 0}
  m_LocalScale: {x: 1, y: 1, z: 1}
  m_Children:
  - {fileID: 8405937780857733088}
  - {fileID: 3463751047732768080}
  - {fileID: 7413991067526189680}
  - {fileID: 220851191979683187}
  - {fileID: 1362762605140212748}
  m_Father: {fileID: 0}
  m_RootOrder: 0
  m_LocalEulerAnglesHint: {x: 0, y: 0, z: 0}
--- !u!114 &186426681191441595
MonoBehaviour:
  m_ObjectHideFlags: 0
  m_CorrespondingSourceObject: {fileID: 0}
  m_PrefabInstance: {fileID: 0}
  m_PrefabAsset: {fileID: 0}
  m_GameObject: {fileID: 7174811201900584251}
  m_Enabled: 1
  m_EditorHideFlags: 0
  m_Script: {fileID: 11500000, guid: 582d221b8eb2c3c488f5ec09bc7d860d, type: 3}
  m_Name: 
  m_EditorClassIdentifier: 
  tools:
  - HAND
  - CLOTH
--- !u!114 &5455350937624072371
MonoBehaviour:
  m_ObjectHideFlags: 0
  m_CorrespondingSourceObject: {fileID: 0}
  m_PrefabInstance: {fileID: 0}
  m_PrefabAsset: {fileID: 0}
  m_GameObject: {fileID: 7174811201900584251}
  m_Enabled: 1
  m_EditorHideFlags: 0
  m_Script: {fileID: 11500000, guid: 3a91ffecfb876f44787bc21f47289faf, type: 3}
  m_Name: 
  m_EditorClassIdentifier: 
  view: {fileID: 219583027684013834}
--- !u!1 &7517150215596610389
GameObject:
  m_ObjectHideFlags: 0
  m_CorrespondingSourceObject: {fileID: 0}
  m_PrefabInstance: {fileID: 0}
  m_PrefabAsset: {fileID: 0}
  serializedVersion: 6
  m_Component:
  - component: {fileID: 3391425799821521656}
  - component: {fileID: 1882204123791376128}
  - component: {fileID: 647320408279707310}
  - component: {fileID: 2475161676924392730}
  m_Layer: 0
  m_Name: Shelf
  m_TagString: Untagged
  m_Icon: {fileID: 0}
  m_NavMeshLayer: 0
  m_StaticEditorFlags: 0
  m_IsActive: 0
--- !u!4 &3391425799821521656
Transform:
  m_ObjectHideFlags: 0
  m_CorrespondingSourceObject: {fileID: 0}
  m_PrefabInstance: {fileID: 0}
  m_PrefabAsset: {fileID: 0}
  m_GameObject: {fileID: 7517150215596610389}
  m_LocalRotation: {x: -0, y: -0, z: -0, w: 1}
  m_LocalPosition: {x: 0.12375, y: 0.1, z: -0.1055}
  m_LocalScale: {x: 0.03, y: 0.0075, z: 0.0625}
  m_Children: []
  m_Father: {fileID: 5409454246588440286}
  m_RootOrder: 7
  m_LocalEulerAnglesHint: {x: 0, y: 0, z: 0}
--- !u!33 &1882204123791376128
MeshFilter:
  m_ObjectHideFlags: 0
  m_CorrespondingSourceObject: {fileID: 0}
  m_PrefabInstance: {fileID: 0}
  m_PrefabAsset: {fileID: 0}
  m_GameObject: {fileID: 7517150215596610389}
  m_Mesh: {fileID: 10202, guid: 0000000000000000e000000000000000, type: 0}
--- !u!23 &647320408279707310
MeshRenderer:
  m_ObjectHideFlags: 0
  m_CorrespondingSourceObject: {fileID: 0}
  m_PrefabInstance: {fileID: 0}
  m_PrefabAsset: {fileID: 0}
  m_GameObject: {fileID: 7517150215596610389}
  m_Enabled: 1
  m_CastShadows: 1
  m_ReceiveShadows: 1
  m_DynamicOccludee: 1
  m_MotionVectors: 1
  m_LightProbeUsage: 1
  m_ReflectionProbeUsage: 1
  m_RayTracingMode: 2
  m_RayTraceProcedural: 0
  m_RenderingLayerMask: 1
  m_RendererPriority: 0
  m_Materials:
  - {fileID: 2100000, guid: f8046925866632b4383638028fa0c834, type: 2}
  m_StaticBatchInfo:
    firstSubMesh: 0
    subMeshCount: 0
  m_StaticBatchRoot: {fileID: 0}
  m_ProbeAnchor: {fileID: 0}
  m_LightProbeVolumeOverride: {fileID: 0}
  m_ScaleInLightmap: 1
  m_ReceiveGI: 1
  m_PreserveUVs: 0
  m_IgnoreNormalsForChartDetection: 0
  m_ImportantGI: 0
  m_StitchLightmapSeams: 1
  m_SelectedEditorRenderState: 3
  m_MinimumChartSize: 4
  m_AutoUVMaxDistance: 0.5
  m_AutoUVMaxAngle: 89
  m_LightmapParameters: {fileID: 0}
  m_SortingLayerID: 0
  m_SortingLayer: 0
  m_SortingOrder: 0
  m_AdditionalVertexStreams: {fileID: 0}
--- !u!65 &2475161676924392730
BoxCollider:
  m_ObjectHideFlags: 0
  m_CorrespondingSourceObject: {fileID: 0}
  m_PrefabInstance: {fileID: 0}
  m_PrefabAsset: {fileID: 0}
  m_GameObject: {fileID: 7517150215596610389}
  m_Material: {fileID: 0}
  m_IsTrigger: 0
  m_Enabled: 1
  serializedVersion: 2
  m_Size: {x: 1, y: 1, z: 1}
  m_Center: {x: 0, y: 0, z: 0}
--- !u!1 &8927729673071374600
GameObject:
  m_ObjectHideFlags: 0
  m_CorrespondingSourceObject: {fileID: 0}
  m_PrefabInstance: {fileID: 0}
  m_PrefabAsset: {fileID: 0}
  serializedVersion: 6
  m_Component:
  - component: {fileID: 8405937780857733088}
  m_Layer: 0
  m_Name: MODELS
  m_TagString: Untagged
  m_Icon: {fileID: 0}
  m_NavMeshLayer: 0
  m_StaticEditorFlags: 0
  m_IsActive: 1
--- !u!4 &8405937780857733088
Transform:
  m_ObjectHideFlags: 0
  m_CorrespondingSourceObject: {fileID: 0}
  m_PrefabInstance: {fileID: 0}
  m_PrefabAsset: {fileID: 0}
  m_GameObject: {fileID: 8927729673071374600}
  m_LocalRotation: {x: -0, y: -0, z: -0, w: 1}
  m_LocalPosition: {x: 0, y: 0, z: 0}
  m_LocalScale: {x: 1, y: 1, z: 1}
  m_Children:
  - {fileID: 5409454246588440286}
  m_Father: {fileID: 4860318770443370541}
  m_RootOrder: 0
  m_LocalEulerAnglesHint: {x: 0, y: 0, z: 0}
--- !u!1001 &216402533061964471
PrefabInstance:
  m_ObjectHideFlags: 0
  serializedVersion: 2
  m_Modification:
    m_TransformParent: {fileID: 4860318770443370541}
    m_Modifications:
    - target: {fileID: 1740861154236036, guid: 749d1a7f57e9347479aa9ba64aef0657, type: 3}
      propertyPath: m_Name
      value: library-books (3)
      objectReference: {fileID: 0}
    - target: {fileID: 4589396456939460, guid: 749d1a7f57e9347479aa9ba64aef0657, type: 3}
      propertyPath: m_RootOrder
      value: 3
      objectReference: {fileID: 0}
    - target: {fileID: 4589396456939460, guid: 749d1a7f57e9347479aa9ba64aef0657, type: 3}
      propertyPath: m_LocalScale.x
      value: 0.2
      objectReference: {fileID: 0}
    - target: {fileID: 4589396456939460, guid: 749d1a7f57e9347479aa9ba64aef0657, type: 3}
      propertyPath: m_LocalScale.y
      value: 0.2
      objectReference: {fileID: 0}
    - target: {fileID: 4589396456939460, guid: 749d1a7f57e9347479aa9ba64aef0657, type: 3}
      propertyPath: m_LocalScale.z
      value: 0.2
      objectReference: {fileID: 0}
    - target: {fileID: 4589396456939460, guid: 749d1a7f57e9347479aa9ba64aef0657, type: 3}
      propertyPath: m_LocalPosition.x
      value: 0.332
      objectReference: {fileID: 0}
    - target: {fileID: 4589396456939460, guid: 749d1a7f57e9347479aa9ba64aef0657, type: 3}
      propertyPath: m_LocalPosition.y
      value: 0.05271411
      objectReference: {fileID: 0}
    - target: {fileID: 4589396456939460, guid: 749d1a7f57e9347479aa9ba64aef0657, type: 3}
      propertyPath: m_LocalPosition.z
      value: -0.5041
      objectReference: {fileID: 0}
    - target: {fileID: 4589396456939460, guid: 749d1a7f57e9347479aa9ba64aef0657, type: 3}
      propertyPath: m_LocalRotation.w
      value: 1
      objectReference: {fileID: 0}
    - target: {fileID: 4589396456939460, guid: 749d1a7f57e9347479aa9ba64aef0657, type: 3}
      propertyPath: m_LocalRotation.x
      value: -0
      objectReference: {fileID: 0}
    - target: {fileID: 4589396456939460, guid: 749d1a7f57e9347479aa9ba64aef0657, type: 3}
      propertyPath: m_LocalRotation.y
      value: -0
      objectReference: {fileID: 0}
    - target: {fileID: 4589396456939460, guid: 749d1a7f57e9347479aa9ba64aef0657, type: 3}
      propertyPath: m_LocalRotation.z
      value: -0
      objectReference: {fileID: 0}
    - target: {fileID: 4589396456939460, guid: 749d1a7f57e9347479aa9ba64aef0657, type: 3}
      propertyPath: m_LocalEulerAnglesHint.x
      value: 0
      objectReference: {fileID: 0}
    - target: {fileID: 4589396456939460, guid: 749d1a7f57e9347479aa9ba64aef0657, type: 3}
      propertyPath: m_LocalEulerAnglesHint.y
      value: 0
      objectReference: {fileID: 0}
    - target: {fileID: 4589396456939460, guid: 749d1a7f57e9347479aa9ba64aef0657, type: 3}
      propertyPath: m_LocalEulerAnglesHint.z
      value: 0
      objectReference: {fileID: 0}
    - target: {fileID: 23231998644506950, guid: 749d1a7f57e9347479aa9ba64aef0657, type: 3}
      propertyPath: m_Materials.Array.data[0]
      value: 
      objectReference: {fileID: 2100000, guid: e0f6fc9840703264fa6ad0188598a7fc, type: 2}
    - target: {fileID: 23231998644506950, guid: 749d1a7f57e9347479aa9ba64aef0657, type: 3}
      propertyPath: m_Materials.Array.data[1]
      value: 
      objectReference: {fileID: 2100000, guid: f9c4a99059a34d842b70997d0245fde2, type: 2}
    m_RemovedComponents: []
  m_SourcePrefab: {fileID: 100100000, guid: 749d1a7f57e9347479aa9ba64aef0657, type: 3}
--- !u!4 &220851191979683187 stripped
Transform:
  m_CorrespondingSourceObject: {fileID: 4589396456939460, guid: 749d1a7f57e9347479aa9ba64aef0657, type: 3}
  m_PrefabInstance: {fileID: 216402533061964471}
  m_PrefabAsset: {fileID: 0}
--- !u!1001 &397790916843801245
PrefabInstance:
  m_ObjectHideFlags: 0
  serializedVersion: 2
  m_Modification:
    m_TransformParent: {fileID: 5409454246588440286}
    m_Modifications:
    - target: {fileID: 1377084925307304, guid: 483010dfc760f4a3fb7e7ac0ebec5dfb, type: 3}
      propertyPath: m_Name
      value: lamp
      objectReference: {fileID: 0}
    - target: {fileID: 4157901504216538, guid: 483010dfc760f4a3fb7e7ac0ebec5dfb, type: 3}
      propertyPath: m_RootOrder
      value: 4
      objectReference: {fileID: 0}
    - target: {fileID: 4157901504216538, guid: 483010dfc760f4a3fb7e7ac0ebec5dfb, type: 3}
      propertyPath: m_LocalScale.x
      value: 0.075
      objectReference: {fileID: 0}
    - target: {fileID: 4157901504216538, guid: 483010dfc760f4a3fb7e7ac0ebec5dfb, type: 3}
      propertyPath: m_LocalScale.y
      value: 0.075
      objectReference: {fileID: 0}
    - target: {fileID: 4157901504216538, guid: 483010dfc760f4a3fb7e7ac0ebec5dfb, type: 3}
      propertyPath: m_LocalScale.z
      value: 0.075
      objectReference: {fileID: 0}
    - target: {fileID: 4157901504216538, guid: 483010dfc760f4a3fb7e7ac0ebec5dfb, type: 3}
      propertyPath: m_LocalPosition.x
      value: 0.0915
      objectReference: {fileID: 0}
    - target: {fileID: 4157901504216538, guid: 483010dfc760f4a3fb7e7ac0ebec5dfb, type: 3}
      propertyPath: m_LocalPosition.y
      value: 0.01325
      objectReference: {fileID: 0}
    - target: {fileID: 4157901504216538, guid: 483010dfc760f4a3fb7e7ac0ebec5dfb, type: 3}
      propertyPath: m_LocalPosition.z
      value: 0.111
      objectReference: {fileID: 0}
    - target: {fileID: 4157901504216538, guid: 483010dfc760f4a3fb7e7ac0ebec5dfb, type: 3}
      propertyPath: m_LocalRotation.w
      value: 1
      objectReference: {fileID: 0}
    - target: {fileID: 4157901504216538, guid: 483010dfc760f4a3fb7e7ac0ebec5dfb, type: 3}
      propertyPath: m_LocalRotation.x
      value: -0
      objectReference: {fileID: 0}
    - target: {fileID: 4157901504216538, guid: 483010dfc760f4a3fb7e7ac0ebec5dfb, type: 3}
      propertyPath: m_LocalRotation.y
      value: -0
      objectReference: {fileID: 0}
    - target: {fileID: 4157901504216538, guid: 483010dfc760f4a3fb7e7ac0ebec5dfb, type: 3}
      propertyPath: m_LocalRotation.z
      value: -0
      objectReference: {fileID: 0}
    - target: {fileID: 4157901504216538, guid: 483010dfc760f4a3fb7e7ac0ebec5dfb, type: 3}
      propertyPath: m_LocalEulerAnglesHint.x
      value: 0
      objectReference: {fileID: 0}
    - target: {fileID: 4157901504216538, guid: 483010dfc760f4a3fb7e7ac0ebec5dfb, type: 3}
      propertyPath: m_LocalEulerAnglesHint.y
      value: 0
      objectReference: {fileID: 0}
    - target: {fileID: 4157901504216538, guid: 483010dfc760f4a3fb7e7ac0ebec5dfb, type: 3}
      propertyPath: m_LocalEulerAnglesHint.z
      value: 0
      objectReference: {fileID: 0}
    m_RemovedComponents: []
  m_SourcePrefab: {fileID: 100100000, guid: 483010dfc760f4a3fb7e7ac0ebec5dfb, type: 3}
--- !u!4 &399686967235802951 stripped
Transform:
  m_CorrespondingSourceObject: {fileID: 4157901504216538, guid: 483010dfc760f4a3fb7e7ac0ebec5dfb, type: 3}
  m_PrefabInstance: {fileID: 397790916843801245}
  m_PrefabAsset: {fileID: 0}
--- !u!1001 &1302519908702567704
PrefabInstance:
  m_ObjectHideFlags: 0
  serializedVersion: 2
  m_Modification:
    m_TransformParent: {fileID: 5409454246588440286}
    m_Modifications:
    - target: {fileID: 1535476008931240, guid: 3cc0090ec9d814580b3521b17fcd3ecf, type: 3}
      propertyPath: m_Name
      value: sofa
      objectReference: {fileID: 0}
    - target: {fileID: 4899835161581690, guid: 3cc0090ec9d814580b3521b17fcd3ecf, type: 3}
      propertyPath: m_RootOrder
      value: 0
      objectReference: {fileID: 0}
    - target: {fileID: 4899835161581690, guid: 3cc0090ec9d814580b3521b17fcd3ecf, type: 3}
      propertyPath: m_LocalScale.x
      value: 0.07
      objectReference: {fileID: 0}
    - target: {fileID: 4899835161581690, guid: 3cc0090ec9d814580b3521b17fcd3ecf, type: 3}
      propertyPath: m_LocalScale.y
      value: 0.0625
      objectReference: {fileID: 0}
    - target: {fileID: 4899835161581690, guid: 3cc0090ec9d814580b3521b17fcd3ecf, type: 3}
      propertyPath: m_LocalScale.z
      value: 0.0625
      objectReference: {fileID: 0}
    - target: {fileID: 4899835161581690, guid: 3cc0090ec9d814580b3521b17fcd3ecf, type: 3}
      propertyPath: m_LocalPosition.x
      value: -0.0895
      objectReference: {fileID: 0}
    - target: {fileID: 4899835161581690, guid: 3cc0090ec9d814580b3521b17fcd3ecf, type: 3}
      propertyPath: m_LocalPosition.y
      value: 0.01325
      objectReference: {fileID: 0}
    - target: {fileID: 4899835161581690, guid: 3cc0090ec9d814580b3521b17fcd3ecf, type: 3}
      propertyPath: m_LocalPosition.z
      value: 0
      objectReference: {fileID: 0}
    - target: {fileID: 4899835161581690, guid: 3cc0090ec9d814580b3521b17fcd3ecf, type: 3}
      propertyPath: m_LocalRotation.w
      value: 0.7071068
      objectReference: {fileID: 0}
    - target: {fileID: 4899835161581690, guid: 3cc0090ec9d814580b3521b17fcd3ecf, type: 3}
      propertyPath: m_LocalRotation.x
      value: -0
      objectReference: {fileID: 0}
    - target: {fileID: 4899835161581690, guid: 3cc0090ec9d814580b3521b17fcd3ecf, type: 3}
      propertyPath: m_LocalRotation.y
      value: 0.7071068
      objectReference: {fileID: 0}
    - target: {fileID: 4899835161581690, guid: 3cc0090ec9d814580b3521b17fcd3ecf, type: 3}
      propertyPath: m_LocalRotation.z
      value: -0
      objectReference: {fileID: 0}
    - target: {fileID: 4899835161581690, guid: 3cc0090ec9d814580b3521b17fcd3ecf, type: 3}
      propertyPath: m_LocalEulerAnglesHint.x
      value: 0
      objectReference: {fileID: 0}
    - target: {fileID: 4899835161581690, guid: 3cc0090ec9d814580b3521b17fcd3ecf, type: 3}
      propertyPath: m_LocalEulerAnglesHint.y
      value: 90
      objectReference: {fileID: 0}
    - target: {fileID: 4899835161581690, guid: 3cc0090ec9d814580b3521b17fcd3ecf, type: 3}
      propertyPath: m_LocalEulerAnglesHint.z
      value: 0
      objectReference: {fileID: 0}
    - target: {fileID: 23414923085079280, guid: 3cc0090ec9d814580b3521b17fcd3ecf, type: 3}
      propertyPath: m_Materials.Array.data[0]
      value: 
      objectReference: {fileID: 2100000, guid: 98d18ed853fa28841aefcd310d888f7e, type: 2}
    m_RemovedComponents: []
  m_SourcePrefab: {fileID: 100100000, guid: 3cc0090ec9d814580b3521b17fcd3ecf, type: 3}
--- !u!4 &1297620170186204514 stripped
Transform:
  m_CorrespondingSourceObject: {fileID: 4899835161581690, guid: 3cc0090ec9d814580b3521b17fcd3ecf, type: 3}
  m_PrefabInstance: {fileID: 1302519908702567704}
  m_PrefabAsset: {fileID: 0}
--- !u!1001 &1367351932860883912
PrefabInstance:
  m_ObjectHideFlags: 0
  serializedVersion: 2
  m_Modification:
    m_TransformParent: {fileID: 4860318770443370541}
    m_Modifications:
    - target: {fileID: 1740861154236036, guid: 749d1a7f57e9347479aa9ba64aef0657, type: 3}
      propertyPath: m_Name
      value: library-books (4)
      objectReference: {fileID: 0}
    - target: {fileID: 4589396456939460, guid: 749d1a7f57e9347479aa9ba64aef0657, type: 3}
      propertyPath: m_RootOrder
      value: 4
      objectReference: {fileID: 0}
    - target: {fileID: 4589396456939460, guid: 749d1a7f57e9347479aa9ba64aef0657, type: 3}
      propertyPath: m_LocalScale.x
      value: 0.2
      objectReference: {fileID: 0}
    - target: {fileID: 4589396456939460, guid: 749d1a7f57e9347479aa9ba64aef0657, type: 3}
      propertyPath: m_LocalScale.y
      value: 0.2
      objectReference: {fileID: 0}
    - target: {fileID: 4589396456939460, guid: 749d1a7f57e9347479aa9ba64aef0657, type: 3}
      propertyPath: m_LocalScale.z
      value: 0.2
      objectReference: {fileID: 0}
    - target: {fileID: 4589396456939460, guid: 749d1a7f57e9347479aa9ba64aef0657, type: 3}
      propertyPath: m_LocalPosition.x
      value: -0.116
      objectReference: {fileID: 0}
    - target: {fileID: 4589396456939460, guid: 749d1a7f57e9347479aa9ba64aef0657, type: 3}
      propertyPath: m_LocalPosition.y
      value: 0.05271411
      objectReference: {fileID: 0}
    - target: {fileID: 4589396456939460, guid: 749d1a7f57e9347479aa9ba64aef0657, type: 3}
      propertyPath: m_LocalPosition.z
      value: -0.5041
      objectReference: {fileID: 0}
    - target: {fileID: 4589396456939460, guid: 749d1a7f57e9347479aa9ba64aef0657, type: 3}
      propertyPath: m_LocalRotation.w
      value: 1
      objectReference: {fileID: 0}
    - target: {fileID: 4589396456939460, guid: 749d1a7f57e9347479aa9ba64aef0657, type: 3}
      propertyPath: m_LocalRotation.x
      value: -0
      objectReference: {fileID: 0}
    - target: {fileID: 4589396456939460, guid: 749d1a7f57e9347479aa9ba64aef0657, type: 3}
      propertyPath: m_LocalRotation.y
      value: -0
      objectReference: {fileID: 0}
    - target: {fileID: 4589396456939460, guid: 749d1a7f57e9347479aa9ba64aef0657, type: 3}
      propertyPath: m_LocalRotation.z
      value: -0
      objectReference: {fileID: 0}
    - target: {fileID: 4589396456939460, guid: 749d1a7f57e9347479aa9ba64aef0657, type: 3}
      propertyPath: m_LocalEulerAnglesHint.x
      value: 0
      objectReference: {fileID: 0}
    - target: {fileID: 4589396456939460, guid: 749d1a7f57e9347479aa9ba64aef0657, type: 3}
      propertyPath: m_LocalEulerAnglesHint.y
      value: 0
      objectReference: {fileID: 0}
    - target: {fileID: 4589396456939460, guid: 749d1a7f57e9347479aa9ba64aef0657, type: 3}
      propertyPath: m_LocalEulerAnglesHint.z
      value: 0
      objectReference: {fileID: 0}
    - target: {fileID: 23231998644506950, guid: 749d1a7f57e9347479aa9ba64aef0657, type: 3}
      propertyPath: m_Materials.Array.data[0]
      value: 
      objectReference: {fileID: 2100000, guid: e0f6fc9840703264fa6ad0188598a7fc, type: 2}
    - target: {fileID: 23231998644506950, guid: 749d1a7f57e9347479aa9ba64aef0657, type: 3}
      propertyPath: m_Materials.Array.data[1]
      value: 
      objectReference: {fileID: 2100000, guid: f9c4a99059a34d842b70997d0245fde2, type: 2}
    m_RemovedComponents: []
  m_SourcePrefab: {fileID: 100100000, guid: 749d1a7f57e9347479aa9ba64aef0657, type: 3}
--- !u!4 &1362762605140212748 stripped
Transform:
  m_CorrespondingSourceObject: {fileID: 4589396456939460, guid: 749d1a7f57e9347479aa9ba64aef0657, type: 3}
  m_PrefabInstance: {fileID: 1367351932860883912}
  m_PrefabAsset: {fileID: 0}
--- !u!1001 &1567088369242676519
PrefabInstance:
  m_ObjectHideFlags: 0
  serializedVersion: 2
  m_Modification:
    m_TransformParent: {fileID: 5409454246588440286}
    m_Modifications:
    - target: {fileID: 1546580417174750, guid: f526a5e39f40945d7abb24a570e985de, type: 3}
      propertyPath: m_Name
      value: television
      objectReference: {fileID: 0}
    - target: {fileID: 1546580417174750, guid: f526a5e39f40945d7abb24a570e985de, type: 3}
      propertyPath: m_IsActive
      value: 0
      objectReference: {fileID: 0}
    - target: {fileID: 4106564179832766, guid: f526a5e39f40945d7abb24a570e985de, type: 3}
      propertyPath: m_RootOrder
      value: 2
      objectReference: {fileID: 0}
    - target: {fileID: 4106564179832766, guid: f526a5e39f40945d7abb24a570e985de, type: 3}
      propertyPath: m_LocalScale.x
      value: 0.075
      objectReference: {fileID: 0}
    - target: {fileID: 4106564179832766, guid: f526a5e39f40945d7abb24a570e985de, type: 3}
      propertyPath: m_LocalScale.y
      value: 0.075
      objectReference: {fileID: 0}
    - target: {fileID: 4106564179832766, guid: f526a5e39f40945d7abb24a570e985de, type: 3}
      propertyPath: m_LocalScale.z
      value: 0.075
      objectReference: {fileID: 0}
    - target: {fileID: 4106564179832766, guid: f526a5e39f40945d7abb24a570e985de, type: 3}
      propertyPath: m_LocalPosition.x
      value: 0.12525
      objectReference: {fileID: 0}
    - target: {fileID: 4106564179832766, guid: f526a5e39f40945d7abb24a570e985de, type: 3}
      propertyPath: m_LocalPosition.y
      value: 0.042525
      objectReference: {fileID: 0}
    - target: {fileID: 4106564179832766, guid: f526a5e39f40945d7abb24a570e985de, type: 3}
      propertyPath: m_LocalPosition.z
      value: -0.00125
      objectReference: {fileID: 0}
    - target: {fileID: 4106564179832766, guid: f526a5e39f40945d7abb24a570e985de, type: 3}
      propertyPath: m_LocalRotation.w
      value: 0.7071068
      objectReference: {fileID: 0}
    - target: {fileID: 4106564179832766, guid: f526a5e39f40945d7abb24a570e985de, type: 3}
      propertyPath: m_LocalRotation.x
      value: -0
      objectReference: {fileID: 0}
    - target: {fileID: 4106564179832766, guid: f526a5e39f40945d7abb24a570e985de, type: 3}
      propertyPath: m_LocalRotation.y
      value: -0.7071068
      objectReference: {fileID: 0}
    - target: {fileID: 4106564179832766, guid: f526a5e39f40945d7abb24a570e985de, type: 3}
      propertyPath: m_LocalRotation.z
      value: -0
      objectReference: {fileID: 0}
    - target: {fileID: 4106564179832766, guid: f526a5e39f40945d7abb24a570e985de, type: 3}
      propertyPath: m_LocalEulerAnglesHint.x
      value: 0
      objectReference: {fileID: 0}
    - target: {fileID: 4106564179832766, guid: f526a5e39f40945d7abb24a570e985de, type: 3}
      propertyPath: m_LocalEulerAnglesHint.y
      value: -90
      objectReference: {fileID: 0}
    - target: {fileID: 4106564179832766, guid: f526a5e39f40945d7abb24a570e985de, type: 3}
      propertyPath: m_LocalEulerAnglesHint.z
      value: 0
      objectReference: {fileID: 0}
    m_RemovedComponents:
    - {fileID: 65523076298712132, guid: f526a5e39f40945d7abb24a570e985de, type: 3}
  m_SourcePrefab: {fileID: 100100000, guid: f526a5e39f40945d7abb24a570e985de, type: 3}
--- !u!4 &1563308122287944345 stripped
Transform:
  m_CorrespondingSourceObject: {fileID: 4106564179832766, guid: f526a5e39f40945d7abb24a570e985de, type: 3}
  m_PrefabInstance: {fileID: 1567088369242676519}
  m_PrefabAsset: {fileID: 0}
--- !u!1001 &2723172351927966060
PrefabInstance:
  m_ObjectHideFlags: 0
  serializedVersion: 2
  m_Modification:
    m_TransformParent: {fileID: 5409454246588440286}
    m_Modifications:
    - target: {fileID: 1886126668315858, guid: 34aa3fc438758473c9e3d9ad570cf23f, type: 3}
      propertyPath: m_Name
      value: table-dining
      objectReference: {fileID: 0}
    - target: {fileID: 4828949845237886, guid: 34aa3fc438758473c9e3d9ad570cf23f, type: 3}
      propertyPath: m_RootOrder
      value: 3
      objectReference: {fileID: 0}
    - target: {fileID: 4828949845237886, guid: 34aa3fc438758473c9e3d9ad570cf23f, type: 3}
      propertyPath: m_LocalScale.x
      value: 0.075
      objectReference: {fileID: 0}
    - target: {fileID: 4828949845237886, guid: 34aa3fc438758473c9e3d9ad570cf23f, type: 3}
      propertyPath: m_LocalScale.y
      value: 0.025
      objectReference: {fileID: 0}
    - target: {fileID: 4828949845237886, guid: 34aa3fc438758473c9e3d9ad570cf23f, type: 3}
      propertyPath: m_LocalScale.z
      value: 0.075
      objectReference: {fileID: 0}
    - target: {fileID: 4828949845237886, guid: 34aa3fc438758473c9e3d9ad570cf23f, type: 3}
      propertyPath: m_LocalPosition.x
      value: 0.0001
      objectReference: {fileID: 0}
    - target: {fileID: 4828949845237886, guid: 34aa3fc438758473c9e3d9ad570cf23f, type: 3}
      propertyPath: m_LocalPosition.y
      value: 0.0125
      objectReference: {fileID: 0}
    - target: {fileID: 4828949845237886, guid: 34aa3fc438758473c9e3d9ad570cf23f, type: 3}
      propertyPath: m_LocalPosition.z
      value: 0
      objectReference: {fileID: 0}
    - target: {fileID: 4828949845237886, guid: 34aa3fc438758473c9e3d9ad570cf23f, type: 3}
      propertyPath: m_LocalRotation.w
      value: 0.7071068
      objectReference: {fileID: 0}
    - target: {fileID: 4828949845237886, guid: 34aa3fc438758473c9e3d9ad570cf23f, type: 3}
      propertyPath: m_LocalRotation.x
      value: -0
      objectReference: {fileID: 0}
    - target: {fileID: 4828949845237886, guid: 34aa3fc438758473c9e3d9ad570cf23f, type: 3}
      propertyPath: m_LocalRotation.y
      value: -0.7071068
      objectReference: {fileID: 0}
    - target: {fileID: 4828949845237886, guid: 34aa3fc438758473c9e3d9ad570cf23f, type: 3}
      propertyPath: m_LocalRotation.z
      value: -0
      objectReference: {fileID: 0}
    - target: {fileID: 4828949845237886, guid: 34aa3fc438758473c9e3d9ad570cf23f, type: 3}
      propertyPath: m_LocalEulerAnglesHint.x
      value: 0
      objectReference: {fileID: 0}
    - target: {fileID: 4828949845237886, guid: 34aa3fc438758473c9e3d9ad570cf23f, type: 3}
      propertyPath: m_LocalEulerAnglesHint.y
      value: -90
      objectReference: {fileID: 0}
    - target: {fileID: 4828949845237886, guid: 34aa3fc438758473c9e3d9ad570cf23f, type: 3}
      propertyPath: m_LocalEulerAnglesHint.z
      value: 0
      objectReference: {fileID: 0}
    - target: {fileID: 23659212559667354, guid: 34aa3fc438758473c9e3d9ad570cf23f, type: 3}
      propertyPath: m_Materials.Array.data[0]
      value: 
      objectReference: {fileID: 2100000, guid: 98d18ed853fa28841aefcd310d888f7e, type: 2}
    - target: {fileID: 23659212559667354, guid: 34aa3fc438758473c9e3d9ad570cf23f, type: 3}
      propertyPath: m_Materials.Array.data[1]
      value: 
      objectReference: {fileID: 2100000, guid: 9a745cc6e3fba8040b7c4e17d875623f, type: 2}
    m_RemovedComponents: []
  m_SourcePrefab: {fileID: 100100000, guid: 34aa3fc438758473c9e3d9ad570cf23f, type: 3}
--- !u!4 &2727916063852149010 stripped
Transform:
  m_CorrespondingSourceObject: {fileID: 4828949845237886, guid: 34aa3fc438758473c9e3d9ad570cf23f, type: 3}
  m_PrefabInstance: {fileID: 2723172351927966060}
  m_PrefabAsset: {fileID: 0}
--- !u!1001 &6516573302013507992
PrefabInstance:
  m_ObjectHideFlags: 0
  serializedVersion: 2
  m_Modification:
    m_TransformParent: {fileID: 5409454246588440286}
    m_Modifications:
    - target: {fileID: 1535476008931240, guid: 3cc0090ec9d814580b3521b17fcd3ecf, type: 3}
      propertyPath: m_Name
      value: sofa (1)
      objectReference: {fileID: 0}
    - target: {fileID: 1535476008931240, guid: 3cc0090ec9d814580b3521b17fcd3ecf, type: 3}
      propertyPath: m_IsActive
      value: 0
      objectReference: {fileID: 0}
    - target: {fileID: 4899835161581690, guid: 3cc0090ec9d814580b3521b17fcd3ecf, type: 3}
      propertyPath: m_RootOrder
      value: 5
      objectReference: {fileID: 0}
    - target: {fileID: 4899835161581690, guid: 3cc0090ec9d814580b3521b17fcd3ecf, type: 3}
      propertyPath: m_LocalScale.x
      value: 0.05
      objectReference: {fileID: 0}
    - target: {fileID: 4899835161581690, guid: 3cc0090ec9d814580b3521b17fcd3ecf, type: 3}
      propertyPath: m_LocalScale.y
      value: 0.0625
      objectReference: {fileID: 0}
    - target: {fileID: 4899835161581690, guid: 3cc0090ec9d814580b3521b17fcd3ecf, type: 3}
      propertyPath: m_LocalScale.z
      value: 0.0625
      objectReference: {fileID: 0}
    - target: {fileID: 4899835161581690, guid: 3cc0090ec9d814580b3521b17fcd3ecf, type: 3}
      propertyPath: m_LocalPosition.x
      value: -0.0006
      objectReference: {fileID: 0}
    - target: {fileID: 4899835161581690, guid: 3cc0090ec9d814580b3521b17fcd3ecf, type: 3}
      propertyPath: m_LocalPosition.y
      value: 0.01325
      objectReference: {fileID: 0}
    - target: {fileID: 4899835161581690, guid: 3cc0090ec9d814580b3521b17fcd3ecf, type: 3}
      propertyPath: m_LocalPosition.z
      value: -0.108
      objectReference: {fileID: 0}
    - target: {fileID: 4899835161581690, guid: 3cc0090ec9d814580b3521b17fcd3ecf, type: 3}
      propertyPath: m_LocalRotation.w
      value: 1
      objectReference: {fileID: 0}
    - target: {fileID: 4899835161581690, guid: 3cc0090ec9d814580b3521b17fcd3ecf, type: 3}
      propertyPath: m_LocalRotation.x
      value: 0
      objectReference: {fileID: 0}
    - target: {fileID: 4899835161581690, guid: 3cc0090ec9d814580b3521b17fcd3ecf, type: 3}
      propertyPath: m_LocalRotation.y
      value: 0
      objectReference: {fileID: 0}
    - target: {fileID: 4899835161581690, guid: 3cc0090ec9d814580b3521b17fcd3ecf, type: 3}
      propertyPath: m_LocalRotation.z
      value: 0
      objectReference: {fileID: 0}
    - target: {fileID: 4899835161581690, guid: 3cc0090ec9d814580b3521b17fcd3ecf, type: 3}
      propertyPath: m_LocalEulerAnglesHint.x
      value: 0
      objectReference: {fileID: 0}
    - target: {fileID: 4899835161581690, guid: 3cc0090ec9d814580b3521b17fcd3ecf, type: 3}
      propertyPath: m_LocalEulerAnglesHint.y
      value: 0
      objectReference: {fileID: 0}
    - target: {fileID: 4899835161581690, guid: 3cc0090ec9d814580b3521b17fcd3ecf, type: 3}
      propertyPath: m_LocalEulerAnglesHint.z
      value: 0
      objectReference: {fileID: 0}
    - target: {fileID: 23414923085079280, guid: 3cc0090ec9d814580b3521b17fcd3ecf, type: 3}
      propertyPath: m_Materials.Array.data[0]
      value: 
      objectReference: {fileID: 2100000, guid: 98d18ed853fa28841aefcd310d888f7e, type: 2}
    m_RemovedComponents: []
  m_SourcePrefab: {fileID: 100100000, guid: 3cc0090ec9d814580b3521b17fcd3ecf, type: 3}
--- !u!4 &6520909600882729442 stripped
Transform:
  m_CorrespondingSourceObject: {fileID: 4899835161581690, guid: 3cc0090ec9d814580b3521b17fcd3ecf, type: 3}
  m_PrefabInstance: {fileID: 6516573302013507992}
  m_PrefabAsset: {fileID: 0}
--- !u!1001 &7019265623979734427
PrefabInstance:
  m_ObjectHideFlags: 0
  serializedVersion: 2
  m_Modification:
    m_TransformParent: {fileID: 4860318770443370541}
    m_Modifications:
    - target: {fileID: -8679921383154817045, guid: 013456bb1f909bd4f93d01448ff74e4a, type: 3}
      propertyPath: m_RootOrder
      value: 2
      objectReference: {fileID: 0}
    - target: {fileID: -8679921383154817045, guid: 013456bb1f909bd4f93d01448ff74e4a, type: 3}
      propertyPath: m_LocalScale.x
      value: 24
      objectReference: {fileID: 0}
    - target: {fileID: -8679921383154817045, guid: 013456bb1f909bd4f93d01448ff74e4a, type: 3}
      propertyPath: m_LocalScale.y
      value: 24
      objectReference: {fileID: 0}
    - target: {fileID: -8679921383154817045, guid: 013456bb1f909bd4f93d01448ff74e4a, type: 3}
      propertyPath: m_LocalScale.z
      value: 24
      objectReference: {fileID: 0}
    - target: {fileID: -8679921383154817045, guid: 013456bb1f909bd4f93d01448ff74e4a, type: 3}
      propertyPath: m_LocalPosition.x
      value: 0
      objectReference: {fileID: 0}
    - target: {fileID: -8679921383154817045, guid: 013456bb1f909bd4f93d01448ff74e4a, type: 3}
      propertyPath: m_LocalPosition.y
      value: 0
      objectReference: {fileID: 0}
    - target: {fileID: -8679921383154817045, guid: 013456bb1f909bd4f93d01448ff74e4a, type: 3}
      propertyPath: m_LocalPosition.z
      value: 0
      objectReference: {fileID: 0}
    - target: {fileID: -8679921383154817045, guid: 013456bb1f909bd4f93d01448ff74e4a, type: 3}
      propertyPath: m_LocalRotation.w
      value: 1
      objectReference: {fileID: 0}
    - target: {fileID: -8679921383154817045, guid: 013456bb1f909bd4f93d01448ff74e4a, type: 3}
      propertyPath: m_LocalRotation.x
      value: -0
      objectReference: {fileID: 0}
    - target: {fileID: -8679921383154817045, guid: 013456bb1f909bd4f93d01448ff74e4a, type: 3}
      propertyPath: m_LocalRotation.y
      value: -0
      objectReference: {fileID: 0}
    - target: {fileID: -8679921383154817045, guid: 013456bb1f909bd4f93d01448ff74e4a, type: 3}
      propertyPath: m_LocalRotation.z
      value: -0
      objectReference: {fileID: 0}
    - target: {fileID: -8679921383154817045, guid: 013456bb1f909bd4f93d01448ff74e4a, type: 3}
      propertyPath: m_LocalEulerAnglesHint.x
      value: 0
      objectReference: {fileID: 0}
    - target: {fileID: -8679921383154817045, guid: 013456bb1f909bd4f93d01448ff74e4a, type: 3}
      propertyPath: m_LocalEulerAnglesHint.y
      value: 0
      objectReference: {fileID: 0}
    - target: {fileID: -8679921383154817045, guid: 013456bb1f909bd4f93d01448ff74e4a, type: 3}
      propertyPath: m_LocalEulerAnglesHint.z
      value: 0
      objectReference: {fileID: 0}
    - target: {fileID: -7511558181221131132, guid: 013456bb1f909bd4f93d01448ff74e4a, type: 3}
      propertyPath: m_Materials.Array.data[0]
      value: 
      objectReference: {fileID: 2100000, guid: 302113fdabe6d5144b5880bdeaeae7f1, type: 2}
    - target: {fileID: 919132149155446097, guid: 013456bb1f909bd4f93d01448ff74e4a, type: 3}
      propertyPath: m_Name
      value: base_gameplay_room
      objectReference: {fileID: 0}
    m_RemovedComponents: []
  m_SourcePrefab: {fileID: 100100000, guid: 013456bb1f909bd4f93d01448ff74e4a, type: 3}
--- !u!1 &7901593260863326410 stripped
GameObject:
  m_CorrespondingSourceObject: {fileID: 919132149155446097, guid: 013456bb1f909bd4f93d01448ff74e4a, type: 3}
  m_PrefabInstance: {fileID: 7019265623979734427}
  m_PrefabAsset: {fileID: 0}
--- !u!4 &7413991067526189680 stripped
Transform:
  m_CorrespondingSourceObject: {fileID: -8679921383154817045, guid: 013456bb1f909bd4f93d01448ff74e4a, type: 3}
  m_PrefabInstance: {fileID: 7019265623979734427}
  m_PrefabAsset: {fileID: 0}
--- !u!64 &9158671834772748175
MeshCollider:
  m_ObjectHideFlags: 0
  m_CorrespondingSourceObject: {fileID: 0}
  m_PrefabInstance: {fileID: 0}
  m_PrefabAsset: {fileID: 0}
  m_GameObject: {fileID: 7901593260863326410}
  m_Material: {fileID: 0}
  m_IsTrigger: 0
  m_Enabled: 1
  serializedVersion: 4
  m_Convex: 0
  m_CookingOptions: 30
  m_Mesh: {fileID: 7491825309770928559, guid: 013456bb1f909bd4f93d01448ff74e4a, type: 3}
--- !u!1001 &8558572454781814217
PrefabInstance:
  m_ObjectHideFlags: 0
  serializedVersion: 2
  m_Modification:
    m_TransformParent: {fileID: 5409454246588440286}
    m_Modifications:
    - target: {fileID: 1535476008931240, guid: 3cc0090ec9d814580b3521b17fcd3ecf, type: 3}
      propertyPath: m_Name
      value: sofa (2)
      objectReference: {fileID: 0}
    - target: {fileID: 4899835161581690, guid: 3cc0090ec9d814580b3521b17fcd3ecf, type: 3}
      propertyPath: m_RootOrder
      value: 9
      objectReference: {fileID: 0}
    - target: {fileID: 4899835161581690, guid: 3cc0090ec9d814580b3521b17fcd3ecf, type: 3}
      propertyPath: m_LocalScale.x
      value: 0.07
      objectReference: {fileID: 0}
    - target: {fileID: 4899835161581690, guid: 3cc0090ec9d814580b3521b17fcd3ecf, type: 3}
      propertyPath: m_LocalScale.y
      value: 0.0625
      objectReference: {fileID: 0}
    - target: {fileID: 4899835161581690, guid: 3cc0090ec9d814580b3521b17fcd3ecf, type: 3}
      propertyPath: m_LocalScale.z
      value: 0.0625
      objectReference: {fileID: 0}
    - target: {fileID: 4899835161581690, guid: 3cc0090ec9d814580b3521b17fcd3ecf, type: 3}
      propertyPath: m_LocalPosition.x
      value: 0.0895
      objectReference: {fileID: 0}
    - target: {fileID: 4899835161581690, guid: 3cc0090ec9d814580b3521b17fcd3ecf, type: 3}
      propertyPath: m_LocalPosition.y
      value: 0.01325
      objectReference: {fileID: 0}
    - target: {fileID: 4899835161581690, guid: 3cc0090ec9d814580b3521b17fcd3ecf, type: 3}
      propertyPath: m_LocalPosition.z
      value: 0
      objectReference: {fileID: 0}
    - target: {fileID: 4899835161581690, guid: 3cc0090ec9d814580b3521b17fcd3ecf, type: 3}
      propertyPath: m_LocalRotation.w
      value: 0.7071068
      objectReference: {fileID: 0}
    - target: {fileID: 4899835161581690, guid: 3cc0090ec9d814580b3521b17fcd3ecf, type: 3}
      propertyPath: m_LocalRotation.x
      value: 0
      objectReference: {fileID: 0}
    - target: {fileID: 4899835161581690, guid: 3cc0090ec9d814580b3521b17fcd3ecf, type: 3}
      propertyPath: m_LocalRotation.y
      value: -0.7071068
      objectReference: {fileID: 0}
    - target: {fileID: 4899835161581690, guid: 3cc0090ec9d814580b3521b17fcd3ecf, type: 3}
      propertyPath: m_LocalRotation.z
      value: 0
      objectReference: {fileID: 0}
    - target: {fileID: 4899835161581690, guid: 3cc0090ec9d814580b3521b17fcd3ecf, type: 3}
      propertyPath: m_LocalEulerAnglesHint.x
      value: 0
      objectReference: {fileID: 0}
    - target: {fileID: 4899835161581690, guid: 3cc0090ec9d814580b3521b17fcd3ecf, type: 3}
      propertyPath: m_LocalEulerAnglesHint.y
      value: -90
      objectReference: {fileID: 0}
    - target: {fileID: 4899835161581690, guid: 3cc0090ec9d814580b3521b17fcd3ecf, type: 3}
      propertyPath: m_LocalEulerAnglesHint.z
      value: 0
      objectReference: {fileID: 0}
    - target: {fileID: 23414923085079280, guid: 3cc0090ec9d814580b3521b17fcd3ecf, type: 3}
      propertyPath: m_Materials.Array.data[0]
      value: 
      objectReference: {fileID: 2100000, guid: 98d18ed853fa28841aefcd310d888f7e, type: 2}
    m_RemovedComponents: []
  m_SourcePrefab: {fileID: 100100000, guid: 3cc0090ec9d814580b3521b17fcd3ecf, type: 3}
--- !u!4 &8563383665239072179 stripped
Transform:
  m_CorrespondingSourceObject: {fileID: 4899835161581690, guid: 3cc0090ec9d814580b3521b17fcd3ecf, type: 3}
  m_PrefabInstance: {fileID: 8558572454781814217}
  m_PrefabAsset: {fileID: 0}
--- !u!1001 &8933437418947407254
PrefabInstance:
  m_ObjectHideFlags: 0
  serializedVersion: 2
  m_Modification:
    m_TransformParent: {fileID: 5409454246588440286}
    m_Modifications:
    - target: {fileID: 1729692458276588, guid: 8fae16b0f2bd34fe6a3ff811a21d146b, type: 3}
      propertyPath: m_Name
      value: table-television
      objectReference: {fileID: 0}
    - target: {fileID: 1729692458276588, guid: 8fae16b0f2bd34fe6a3ff811a21d146b, type: 3}
      propertyPath: m_IsActive
      value: 0
      objectReference: {fileID: 0}
    - target: {fileID: 4805107732931074, guid: 8fae16b0f2bd34fe6a3ff811a21d146b, type: 3}
      propertyPath: m_RootOrder
      value: 1
      objectReference: {fileID: 0}
    - target: {fileID: 4805107732931074, guid: 8fae16b0f2bd34fe6a3ff811a21d146b, type: 3}
      propertyPath: m_LocalScale.x
      value: 0.075
      objectReference: {fileID: 0}
    - target: {fileID: 4805107732931074, guid: 8fae16b0f2bd34fe6a3ff811a21d146b, type: 3}
      propertyPath: m_LocalScale.y
      value: 0.075
      objectReference: {fileID: 0}
    - target: {fileID: 4805107732931074, guid: 8fae16b0f2bd34fe6a3ff811a21d146b, type: 3}
      propertyPath: m_LocalScale.z
      value: 0.075
      objectReference: {fileID: 0}
    - target: {fileID: 4805107732931074, guid: 8fae16b0f2bd34fe6a3ff811a21d146b, type: 3}
      propertyPath: m_LocalPosition.x
      value: 0.12325
      objectReference: {fileID: 0}
    - target: {fileID: 4805107732931074, guid: 8fae16b0f2bd34fe6a3ff811a21d146b, type: 3}
      propertyPath: m_LocalPosition.y
      value: 0.0125
      objectReference: {fileID: 0}
    - target: {fileID: 4805107732931074, guid: 8fae16b0f2bd34fe6a3ff811a21d146b, type: 3}
      propertyPath: m_LocalPosition.z
      value: 0.0005
      objectReference: {fileID: 0}
    - target: {fileID: 4805107732931074, guid: 8fae16b0f2bd34fe6a3ff811a21d146b, type: 3}
      propertyPath: m_LocalRotation.w
      value: 0.7071068
      objectReference: {fileID: 0}
    - target: {fileID: 4805107732931074, guid: 8fae16b0f2bd34fe6a3ff811a21d146b, type: 3}
      propertyPath: m_LocalRotation.x
      value: -0
      objectReference: {fileID: 0}
    - target: {fileID: 4805107732931074, guid: 8fae16b0f2bd34fe6a3ff811a21d146b, type: 3}
      propertyPath: m_LocalRotation.y
      value: -0.7071068
      objectReference: {fileID: 0}
    - target: {fileID: 4805107732931074, guid: 8fae16b0f2bd34fe6a3ff811a21d146b, type: 3}
      propertyPath: m_LocalRotation.z
      value: -0
      objectReference: {fileID: 0}
    - target: {fileID: 4805107732931074, guid: 8fae16b0f2bd34fe6a3ff811a21d146b, type: 3}
      propertyPath: m_LocalEulerAnglesHint.x
      value: 0
      objectReference: {fileID: 0}
    - target: {fileID: 4805107732931074, guid: 8fae16b0f2bd34fe6a3ff811a21d146b, type: 3}
      propertyPath: m_LocalEulerAnglesHint.y
      value: -90
      objectReference: {fileID: 0}
    - target: {fileID: 4805107732931074, guid: 8fae16b0f2bd34fe6a3ff811a21d146b, type: 3}
      propertyPath: m_LocalEulerAnglesHint.z
      value: 0
      objectReference: {fileID: 0}
    - target: {fileID: 23315518647725112, guid: 8fae16b0f2bd34fe6a3ff811a21d146b, type: 3}
      propertyPath: m_Materials.Array.data[0]
      value: 
      objectReference: {fileID: 2100000, guid: 9a745cc6e3fba8040b7c4e17d875623f, type: 2}
    m_RemovedComponents: []
  m_SourcePrefab: {fileID: 100100000, guid: 8fae16b0f2bd34fe6a3ff811a21d146b, type: 3}
--- !u!4 &8928632792788340628 stripped
Transform:
  m_CorrespondingSourceObject: {fileID: 4805107732931074, guid: 8fae16b0f2bd34fe6a3ff811a21d146b, type: 3}
  m_PrefabInstance: {fileID: 8933437418947407254}
  m_PrefabAsset: {fileID: 0}
