%YAML 1.1
%TAG !u! tag:unity3d.com,2011:
--- !u!1 &1363862609358839930
GameObject:
  m_ObjectHideFlags: 0
  m_CorrespondingSourceObject: {fileID: 0}
  m_PrefabInstance: {fileID: 0}
  m_PrefabAsset: {fileID: 0}
  serializedVersion: 6
  m_Component:
  - component: {fileID: 4110971592478842207}
  - component: {fileID: 219583027684013834}
  m_Layer: 0
  m_Name: default
  m_TagString: Untagged
  m_Icon: {fileID: 0}
  m_NavMeshLayer: 0
  m_StaticEditorFlags: 0
  m_IsActive: 1
--- !u!4 &4110971592478842207
Transform:
  m_ObjectHideFlags: 0
  m_CorrespondingSourceObject: {fileID: 0}
  m_PrefabInstance: {fileID: 0}
  m_PrefabAsset: {fileID: 0}
  m_GameObject: {fileID: 1363862609358839930}
  m_LocalRotation: {x: 0, y: 0, z: 0, w: 1}
  m_LocalPosition: {x: 0, y: 0, z: 0}
  m_LocalScale: {x: 1, y: 1, z: 1}
  m_Children: []
  m_Father: {fileID: 3463751047732768080}
  m_RootOrder: 0
  m_LocalEulerAnglesHint: {x: 0, y: 0, z: 0}
--- !u!114 &219583027684013834
MonoBehaviour:
  m_ObjectHideFlags: 0
  m_CorrespondingSourceObject: {fileID: 0}
  m_PrefabInstance: {fileID: 0}
  m_PrefabAsset: {fileID: 0}
  m_GameObject: {fileID: 1363862609358839930}
  m_Enabled: 1
  m_EditorHideFlags: 0
  m_Script: {fileID: 11500000, guid: 60152de8dadfb0d48bc56171f46a6d9e, type: 3}
  m_Name: 
  m_EditorClassIdentifier: 
  changeX: 1
  x: 4454.075
  changeY: 1
  y: 0.7350156
  changeFOV: 1
  fov: 50
  center: {fileID: 8331842349421125986}
--- !u!1 &2193910612556807852
GameObject:
  m_ObjectHideFlags: 0
  m_CorrespondingSourceObject: {fileID: 0}
  m_PrefabInstance: {fileID: 0}
  m_PrefabAsset: {fileID: 0}
  serializedVersion: 6
  m_Component:
  - component: {fileID: 8331842349421125986}
  m_Layer: 0
  m_Name: CENTERMARKPOINT
  m_TagString: Untagged
  m_Icon: {fileID: 0}
  m_NavMeshLayer: 0
  m_StaticEditorFlags: 0
  m_IsActive: 1
--- !u!4 &8331842349421125986
Transform:
  m_ObjectHideFlags: 0
  m_CorrespondingSourceObject: {fileID: 0}
  m_PrefabInstance: {fileID: 0}
  m_PrefabAsset: {fileID: 0}
  m_GameObject: {fileID: 2193910612556807852}
  m_LocalRotation: {x: -0, y: -0, z: -0, w: 1}
  m_LocalPosition: {x: -0.002, y: 0.163, z: -0.001}
  m_LocalScale: {x: 0.01, y: 0.01, z: 0.01}
  m_Children: []
  m_Father: {fileID: 679363783003489711}
  m_RootOrder: 0
  m_LocalEulerAnglesHint: {x: 0, y: 0, z: 0}
--- !u!1 &3068695168020172722
GameObject:
  m_ObjectHideFlags: 0
  m_CorrespondingSourceObject: {fileID: 0}
  m_PrefabInstance: {fileID: 0}
  m_PrefabAsset: {fileID: 0}
  serializedVersion: 6
  m_Component:
  - component: {fileID: 3463751047732768080}
  m_Layer: 0
  m_Name: VIEW
  m_TagString: Untagged
  m_Icon: {fileID: 0}
  m_NavMeshLayer: 0
  m_StaticEditorFlags: 0
  m_IsActive: 1
--- !u!4 &3463751047732768080
Transform:
  m_ObjectHideFlags: 0
  m_CorrespondingSourceObject: {fileID: 0}
  m_PrefabInstance: {fileID: 0}
  m_PrefabAsset: {fileID: 0}
  m_GameObject: {fileID: 3068695168020172722}
  m_LocalRotation: {x: -0, y: -0, z: -0, w: 1}
  m_LocalPosition: {x: 0, y: 0, z: 0}
  m_LocalScale: {x: 1, y: 1, z: 1}
  m_Children:
  - {fileID: 4110971592478842207}
  - {fileID: 679363783003489711}
  m_Father: {fileID: 4860318770443370541}
  m_RootOrder: 1
  m_LocalEulerAnglesHint: {x: 0, y: 0, z: 0}
--- !u!1 &4651730012995511623
GameObject:
  m_ObjectHideFlags: 0
  m_CorrespondingSourceObject: {fileID: 0}
  m_PrefabInstance: {fileID: 0}
  m_PrefabAsset: {fileID: 0}
  serializedVersion: 6
  m_Component:
  - component: {fileID: 489184553511979932}
  m_Layer: 0
  m_Name: CabinetGroup
  m_TagString: Untagged
  m_Icon: {fileID: 0}
  m_NavMeshLayer: 0
  m_StaticEditorFlags: 0
  m_IsActive: 1
--- !u!4 &489184553511979932
Transform:
  m_ObjectHideFlags: 0
  m_CorrespondingSourceObject: {fileID: 0}
  m_PrefabInstance: {fileID: 0}
  m_PrefabAsset: {fileID: 0}
  m_GameObject: {fileID: 4651730012995511623}
  m_LocalRotation: {x: -0, y: -0, z: -0, w: 1}
  m_LocalPosition: {x: 0.0378, y: 0.17, z: -0.1322}
  m_LocalScale: {x: 0.25, y: 0.25, z: 0.25}
  m_Children:
  - {fileID: 1531071561144705314}
  - {fileID: 8727613386375146011}
  - {fileID: 8737465081584387476}
  - {fileID: 4505299461482095572}
  - {fileID: 1911404320380532692}
  - {fileID: 7464901064661235282}
  m_Father: {fileID: 5409454246588440286}
  m_RootOrder: 2
  m_LocalEulerAnglesHint: {x: 0, y: 0, z: 0}
--- !u!1 &4668277094927266436
GameObject:
  m_ObjectHideFlags: 0
  m_CorrespondingSourceObject: {fileID: 0}
  m_PrefabInstance: {fileID: 0}
  m_PrefabAsset: {fileID: 0}
  serializedVersion: 6
  m_Component:
  - component: {fileID: 679363783003489711}
  m_Layer: 0
  m_Name: VIEWMARKPOINT
  m_TagString: Untagged
  m_Icon: {fileID: 0}
  m_NavMeshLayer: 0
  m_StaticEditorFlags: 0
  m_IsActive: 1
--- !u!4 &679363783003489711
Transform:
  m_ObjectHideFlags: 0
  m_CorrespondingSourceObject: {fileID: 0}
  m_PrefabInstance: {fileID: 0}
  m_PrefabAsset: {fileID: 0}
  m_GameObject: {fileID: 4668277094927266436}
  m_LocalRotation: {x: -0, y: -0, z: -0, w: 1}
  m_LocalPosition: {x: 0, y: 0.15206385, z: 0}
  m_LocalScale: {x: 1, y: 1, z: 1}
  m_Children:
  - {fileID: 8331842349421125986}
  m_Father: {fileID: 3463751047732768080}
  m_RootOrder: 1
  m_LocalEulerAnglesHint: {x: 0, y: 0, z: 0}
--- !u!1 &5569024030188040808
GameObject:
  m_ObjectHideFlags: 0
  m_CorrespondingSourceObject: {fileID: 0}
  m_PrefabInstance: {fileID: 0}
  m_PrefabAsset: {fileID: 0}
  serializedVersion: 6
  m_Component:
  - component: {fileID: 7606542087432116782}
  m_Layer: 0
  m_Name: ComputerGroup
  m_TagString: Untagged
  m_Icon: {fileID: 0}
  m_NavMeshLayer: 0
  m_StaticEditorFlags: 0
  m_IsActive: 1
--- !u!4 &7606542087432116782
Transform:
  m_ObjectHideFlags: 0
  m_CorrespondingSourceObject: {fileID: 0}
  m_PrefabInstance: {fileID: 0}
  m_PrefabAsset: {fileID: 0}
  m_GameObject: {fileID: 5569024030188040808}
  m_LocalRotation: {x: -0, y: -0, z: -0, w: 1}
  m_LocalPosition: {x: 0.039, y: 0.01, z: -0.099}
  m_LocalScale: {x: 0.25, y: 0.25, z: 0.25}
  m_Children:
  - {fileID: 3638218605778539086}
  - {fileID: 961291696946814572}
  - {fileID: 6503495550002038823}
  - {fileID: 7305666652588930368}
  - {fileID: 8140449026231121305}
  - {fileID: 6265830868694093226}
  m_Father: {fileID: 5409454246588440286}
  m_RootOrder: 1
  m_LocalEulerAnglesHint: {x: 0, y: 0, z: 0}
--- !u!1 &5902115797757404290
GameObject:
  m_ObjectHideFlags: 0
  m_CorrespondingSourceObject: {fileID: 0}
  m_PrefabInstance: {fileID: 0}
  m_PrefabAsset: {fileID: 0}
  serializedVersion: 6
  m_Component:
  - component: {fileID: 5409454246588440286}
  m_Layer: 0
  m_Name: Environment
  m_TagString: Untagged
  m_Icon: {fileID: 0}
  m_NavMeshLayer: 0
  m_StaticEditorFlags: 0
  m_IsActive: 1
--- !u!4 &5409454246588440286
Transform:
  m_ObjectHideFlags: 0
  m_CorrespondingSourceObject: {fileID: 0}
  m_PrefabInstance: {fileID: 0}
  m_PrefabAsset: {fileID: 0}
  m_GameObject: {fileID: 5902115797757404290}
  m_LocalRotation: {x: 0, y: 0, z: 0, w: 1}
  m_LocalPosition: {x: 0, y: 0, z: 0.038}
  m_LocalScale: {x: 4, y: 4, z: 4}
  m_Children:
  - {fileID: 4002738238979942823}
  - {fileID: 7606542087432116782}
  - {fileID: 489184553511979932}
  - {fileID: 5143611044563001889}
  m_Father: {fileID: 8405937780857733088}
  m_RootOrder: 0
  m_LocalEulerAnglesHint: {x: 0, y: 0, z: 0}
--- !u!1 &6817555543309583626
GameObject:
  m_ObjectHideFlags: 0
  m_CorrespondingSourceObject: {fileID: 0}
  m_PrefabInstance: {fileID: 0}
  m_PrefabAsset: {fileID: 0}
  serializedVersion: 6
  m_Component:
  - component: {fileID: 7932761806139575756}
  - component: {fileID: 9119145225836311114}
  - component: {fileID: 6468557501090630175}
  - component: {fileID: 7970998037168291200}
  m_Layer: 0
  m_Name: Shelf (2)
  m_TagString: Untagged
  m_Icon: {fileID: 0}
  m_NavMeshLayer: 0
  m_StaticEditorFlags: 0
  m_IsActive: 1
--- !u!4 &7932761806139575756
Transform:
  m_ObjectHideFlags: 0
  m_CorrespondingSourceObject: {fileID: 0}
  m_PrefabInstance: {fileID: 0}
  m_PrefabAsset: {fileID: 0}
  m_GameObject: {fileID: 6817555543309583626}
  m_LocalRotation: {x: -0, y: -0, z: -0, w: 1}
  m_LocalPosition: {x: 0.502, y: 0.6188, z: -0.0564}
  m_LocalScale: {x: 0.1044596, y: 0.02446568, z: 0.67375004}
  m_Children: []
  m_Father: {fileID: 4860318770443370541}
  m_RootOrder: 3
  m_LocalEulerAnglesHint: {x: 0, y: 0, z: 0}
--- !u!33 &9119145225836311114
MeshFilter:
  m_ObjectHideFlags: 0
  m_CorrespondingSourceObject: {fileID: 0}
  m_PrefabInstance: {fileID: 0}
  m_PrefabAsset: {fileID: 0}
  m_GameObject: {fileID: 6817555543309583626}
  m_Mesh: {fileID: 10202, guid: 0000000000000000e000000000000000, type: 0}
--- !u!23 &6468557501090630175
MeshRenderer:
  m_ObjectHideFlags: 0
  m_CorrespondingSourceObject: {fileID: 0}
  m_PrefabInstance: {fileID: 0}
  m_PrefabAsset: {fileID: 0}
  m_GameObject: {fileID: 6817555543309583626}
  m_Enabled: 1
  m_CastShadows: 1
  m_ReceiveShadows: 1
  m_DynamicOccludee: 1
  m_MotionVectors: 1
  m_LightProbeUsage: 1
  m_ReflectionProbeUsage: 1
  m_RayTracingMode: 2
  m_RayTraceProcedural: 0
  m_RenderingLayerMask: 1
  m_RendererPriority: 0
  m_Materials:
  - {fileID: 2100000, guid: 31321ba15b8f8eb4c954353edc038b1d, type: 2}
  m_StaticBatchInfo:
    firstSubMesh: 0
    subMeshCount: 0
  m_StaticBatchRoot: {fileID: 0}
  m_ProbeAnchor: {fileID: 0}
  m_LightProbeVolumeOverride: {fileID: 0}
  m_ScaleInLightmap: 1
  m_ReceiveGI: 1
  m_PreserveUVs: 0
  m_IgnoreNormalsForChartDetection: 0
  m_ImportantGI: 0
  m_StitchLightmapSeams: 1
  m_SelectedEditorRenderState: 3
  m_MinimumChartSize: 4
  m_AutoUVMaxDistance: 0.5
  m_AutoUVMaxAngle: 89
  m_LightmapParameters: {fileID: 0}
  m_SortingLayerID: 0
  m_SortingLayer: 0
  m_SortingOrder: 0
  m_AdditionalVertexStreams: {fileID: 0}
--- !u!65 &7970998037168291200
BoxCollider:
  m_ObjectHideFlags: 0
  m_CorrespondingSourceObject: {fileID: 0}
  m_PrefabInstance: {fileID: 0}
  m_PrefabAsset: {fileID: 0}
  m_GameObject: {fileID: 6817555543309583626}
  m_Material: {fileID: 0}
  m_IsTrigger: 0
  m_Enabled: 1
  serializedVersion: 2
  m_Size: {x: 1, y: 1, z: 1}
  m_Center: {x: 0, y: 0, z: 0}
--- !u!1 &7174811201900584251
GameObject:
  m_ObjectHideFlags: 0
  m_CorrespondingSourceObject: {fileID: 0}
  m_PrefabInstance: {fileID: 0}
  m_PrefabAsset: {fileID: 0}
  serializedVersion: 6
  m_Component:
  - component: {fileID: 4860318770443370541}
  - component: {fileID: 186426681191441595}
  - component: {fileID: 5455350937624072371}
  m_Layer: 0
  m_Name: WORKINGROOM
  m_TagString: Untagged
  m_Icon: {fileID: 0}
  m_NavMeshLayer: 0
  m_StaticEditorFlags: 0
  m_IsActive: 1
--- !u!4 &4860318770443370541
Transform:
  m_ObjectHideFlags: 0
  m_CorrespondingSourceObject: {fileID: 0}
  m_PrefabInstance: {fileID: 0}
  m_PrefabAsset: {fileID: 0}
  m_GameObject: {fileID: 7174811201900584251}
  m_LocalRotation: {x: 0, y: 0, z: 0, w: 1}
  m_LocalPosition: {x: 0, y: 0, z: 0}
  m_LocalScale: {x: 1, y: 1, z: 1}
  m_Children:
  - {fileID: 8405937780857733088}
  - {fileID: 3463751047732768080}
  - {fileID: 496948484650620194}
  - {fileID: 7932761806139575756}
  - {fileID: 3533214993100099244}
  m_Father: {fileID: 0}
  m_RootOrder: 0
  m_LocalEulerAnglesHint: {x: 0, y: 0, z: 0}
--- !u!114 &186426681191441595
MonoBehaviour:
  m_ObjectHideFlags: 0
  m_CorrespondingSourceObject: {fileID: 0}
  m_PrefabInstance: {fileID: 0}
  m_PrefabAsset: {fileID: 0}
  m_GameObject: {fileID: 7174811201900584251}
  m_Enabled: 1
  m_EditorHideFlags: 0
  m_Script: {fileID: 11500000, guid: 582d221b8eb2c3c488f5ec09bc7d860d, type: 3}
  m_Name: 
  m_EditorClassIdentifier: 
  tools:
  - HAND
  - CLOTH
--- !u!114 &5455350937624072371
MonoBehaviour:
  m_ObjectHideFlags: 0
  m_CorrespondingSourceObject: {fileID: 0}
  m_PrefabInstance: {fileID: 0}
  m_PrefabAsset: {fileID: 0}
  m_GameObject: {fileID: 7174811201900584251}
  m_Enabled: 1
  m_EditorHideFlags: 0
  m_Script: {fileID: 11500000, guid: 3a91ffecfb876f44787bc21f47289faf, type: 3}
  m_Name: 
  m_EditorClassIdentifier: 
  view: {fileID: 219583027684013834}
--- !u!1 &8109857306507943612
GameObject:
  m_ObjectHideFlags: 0
  m_CorrespondingSourceObject: {fileID: 0}
  m_PrefabInstance: {fileID: 0}
  m_PrefabAsset: {fileID: 0}
  serializedVersion: 6
  m_Component:
  - component: {fileID: 496948484650620194}
  - component: {fileID: 2006997991263162675}
  - component: {fileID: 3802880221024527638}
  - component: {fileID: 5784071311956759876}
  m_Layer: 0
  m_Name: Shelf (3)
  m_TagString: Untagged
  m_Icon: {fileID: 0}
  m_NavMeshLayer: 0
  m_StaticEditorFlags: 0
  m_IsActive: 1
--- !u!4 &496948484650620194
Transform:
  m_ObjectHideFlags: 0
  m_CorrespondingSourceObject: {fileID: 0}
  m_PrefabInstance: {fileID: 0}
  m_PrefabAsset: {fileID: 0}
  m_GameObject: {fileID: 8109857306507943612}
  m_LocalRotation: {x: -0, y: -0, z: -0, w: 1}
  m_LocalPosition: {x: 0.502, y: 0.7452, z: -0.0564}
  m_LocalScale: {x: 0.1044596, y: 0.02446568, z: 0.67375004}
  m_Children: []
  m_Father: {fileID: 4860318770443370541}
  m_RootOrder: 2
  m_LocalEulerAnglesHint: {x: 0, y: 0, z: 0}
--- !u!33 &2006997991263162675
MeshFilter:
  m_ObjectHideFlags: 0
  m_CorrespondingSourceObject: {fileID: 0}
  m_PrefabInstance: {fileID: 0}
  m_PrefabAsset: {fileID: 0}
  m_GameObject: {fileID: 8109857306507943612}
  m_Mesh: {fileID: 10202, guid: 0000000000000000e000000000000000, type: 0}
--- !u!23 &3802880221024527638
MeshRenderer:
  m_ObjectHideFlags: 0
  m_CorrespondingSourceObject: {fileID: 0}
  m_PrefabInstance: {fileID: 0}
  m_PrefabAsset: {fileID: 0}
  m_GameObject: {fileID: 8109857306507943612}
  m_Enabled: 1
  m_CastShadows: 1
  m_ReceiveShadows: 1
  m_DynamicOccludee: 1
  m_MotionVectors: 1
  m_LightProbeUsage: 1
  m_ReflectionProbeUsage: 1
  m_RayTracingMode: 2
  m_RayTraceProcedural: 0
  m_RenderingLayerMask: 1
  m_RendererPriority: 0
  m_Materials:
  - {fileID: 2100000, guid: 31321ba15b8f8eb4c954353edc038b1d, type: 2}
  m_StaticBatchInfo:
    firstSubMesh: 0
    subMeshCount: 0
  m_StaticBatchRoot: {fileID: 0}
  m_ProbeAnchor: {fileID: 0}
  m_LightProbeVolumeOverride: {fileID: 0}
  m_ScaleInLightmap: 1
  m_ReceiveGI: 1
  m_PreserveUVs: 0
  m_IgnoreNormalsForChartDetection: 0
  m_ImportantGI: 0
  m_StitchLightmapSeams: 1
  m_SelectedEditorRenderState: 3
  m_MinimumChartSize: 4
  m_AutoUVMaxDistance: 0.5
  m_AutoUVMaxAngle: 89
  m_LightmapParameters: {fileID: 0}
  m_SortingLayerID: 0
  m_SortingLayer: 0
  m_SortingOrder: 0
  m_AdditionalVertexStreams: {fileID: 0}
--- !u!65 &5784071311956759876
BoxCollider:
  m_ObjectHideFlags: 0
  m_CorrespondingSourceObject: {fileID: 0}
  m_PrefabInstance: {fileID: 0}
  m_PrefabAsset: {fileID: 0}
  m_GameObject: {fileID: 8109857306507943612}
  m_Material: {fileID: 0}
  m_IsTrigger: 0
  m_Enabled: 1
  serializedVersion: 2
  m_Size: {x: 1, y: 1, z: 1}
  m_Center: {x: 0, y: 0, z: 0}
--- !u!1 &8927729673071374600
GameObject:
  m_ObjectHideFlags: 0
  m_CorrespondingSourceObject: {fileID: 0}
  m_PrefabInstance: {fileID: 0}
  m_PrefabAsset: {fileID: 0}
  serializedVersion: 6
  m_Component:
  - component: {fileID: 8405937780857733088}
  m_Layer: 0
  m_Name: MODELS
  m_TagString: Untagged
  m_Icon: {fileID: 0}
  m_NavMeshLayer: 0
  m_StaticEditorFlags: 0
  m_IsActive: 1
--- !u!4 &8405937780857733088
Transform:
  m_ObjectHideFlags: 0
  m_CorrespondingSourceObject: {fileID: 0}
  m_PrefabInstance: {fileID: 0}
  m_PrefabAsset: {fileID: 0}
  m_GameObject: {fileID: 8927729673071374600}
  m_LocalRotation: {x: -0, y: -0, z: -0, w: 1}
  m_LocalPosition: {x: 0, y: 0, z: 0}
  m_LocalScale: {x: 1, y: 1, z: 1}
  m_Children:
  - {fileID: 5409454246588440286}
  m_Father: {fileID: 4860318770443370541}
  m_RootOrder: 0
  m_LocalEulerAnglesHint: {x: 0, y: 0, z: 0}
--- !u!1001 &4579629068667160
PrefabInstance:
  m_ObjectHideFlags: 0
  serializedVersion: 2
  m_Modification:
    m_TransformParent: {fileID: 5409454246588440286}
    m_Modifications:
    - target: {fileID: 4007306593381310655, guid: 395b91015b388ec48b11ab4b2d2e0c20, type: 3}
      propertyPath: m_RootOrder
      value: 0
      objectReference: {fileID: 0}
    - target: {fileID: 4007306593381310655, guid: 395b91015b388ec48b11ab4b2d2e0c20, type: 3}
      propertyPath: m_LocalScale.x
      value: 0.075
      objectReference: {fileID: 0}
    - target: {fileID: 4007306593381310655, guid: 395b91015b388ec48b11ab4b2d2e0c20, type: 3}
      propertyPath: m_LocalScale.y
      value: 0.075
      objectReference: {fileID: 0}
    - target: {fileID: 4007306593381310655, guid: 395b91015b388ec48b11ab4b2d2e0c20, type: 3}
      propertyPath: m_LocalScale.z
      value: 0.075
      objectReference: {fileID: 0}
    - target: {fileID: 4007306593381310655, guid: 395b91015b388ec48b11ab4b2d2e0c20, type: 3}
      propertyPath: m_LocalPosition.x
      value: 0.05625
      objectReference: {fileID: 0}
    - target: {fileID: 4007306593381310655, guid: 395b91015b388ec48b11ab4b2d2e0c20, type: 3}
      propertyPath: m_LocalPosition.y
      value: 0.009
      objectReference: {fileID: 0}
    - target: {fileID: 4007306593381310655, guid: 395b91015b388ec48b11ab4b2d2e0c20, type: 3}
      propertyPath: m_LocalPosition.z
      value: 0.053
      objectReference: {fileID: 0}
    - target: {fileID: 4007306593381310655, guid: 395b91015b388ec48b11ab4b2d2e0c20, type: 3}
      propertyPath: m_LocalRotation.w
      value: 0.7071068
      objectReference: {fileID: 0}
    - target: {fileID: 4007306593381310655, guid: 395b91015b388ec48b11ab4b2d2e0c20, type: 3}
      propertyPath: m_LocalRotation.x
      value: -0
      objectReference: {fileID: 0}
    - target: {fileID: 4007306593381310655, guid: 395b91015b388ec48b11ab4b2d2e0c20, type: 3}
      propertyPath: m_LocalRotation.y
      value: -0.7071068
      objectReference: {fileID: 0}
    - target: {fileID: 4007306593381310655, guid: 395b91015b388ec48b11ab4b2d2e0c20, type: 3}
      propertyPath: m_LocalRotation.z
      value: -0
      objectReference: {fileID: 0}
    - target: {fileID: 4007306593381310655, guid: 395b91015b388ec48b11ab4b2d2e0c20, type: 3}
      propertyPath: m_LocalEulerAnglesHint.x
      value: 0
      objectReference: {fileID: 0}
    - target: {fileID: 4007306593381310655, guid: 395b91015b388ec48b11ab4b2d2e0c20, type: 3}
      propertyPath: m_LocalEulerAnglesHint.y
      value: -90
      objectReference: {fileID: 0}
    - target: {fileID: 4007306593381310655, guid: 395b91015b388ec48b11ab4b2d2e0c20, type: 3}
      propertyPath: m_LocalEulerAnglesHint.z
      value: 0
      objectReference: {fileID: 0}
    - target: {fileID: 4383973526472931845, guid: 395b91015b388ec48b11ab4b2d2e0c20, type: 3}
      propertyPath: m_Name
      value: bed-big-wood
      objectReference: {fileID: 0}
    m_RemovedComponents:
    - {fileID: 323786347514043714, guid: 395b91015b388ec48b11ab4b2d2e0c20, type: 3}
  m_SourcePrefab: {fileID: 100100000, guid: 395b91015b388ec48b11ab4b2d2e0c20, type: 3}
--- !u!4 &4002738238979942823 stripped
Transform:
  m_CorrespondingSourceObject: {fileID: 4007306593381310655, guid: 395b91015b388ec48b11ab4b2d2e0c20, type: 3}
  m_PrefabInstance: {fileID: 4579629068667160}
  m_PrefabAsset: {fileID: 0}
--- !u!1001 &961607062520175006
PrefabInstance:
  m_ObjectHideFlags: 0
  serializedVersion: 2
  m_Modification:
    m_TransformParent: {fileID: 7606542087432116782}
    m_Modifications:
    - target: {fileID: 1142150235287386, guid: 0f9866448112842e784d5f4a847ad24a, type: 3}
      propertyPath: m_Name
      value: chair-dining (2)
      objectReference: {fileID: 0}
    - target: {fileID: 4328999627622386, guid: 0f9866448112842e784d5f4a847ad24a, type: 3}
      propertyPath: m_RootOrder
      value: 1
      objectReference: {fileID: 0}
    - target: {fileID: 4328999627622386, guid: 0f9866448112842e784d5f4a847ad24a, type: 3}
      propertyPath: m_LocalScale.x
      value: 0.28
      objectReference: {fileID: 0}
    - target: {fileID: 4328999627622386, guid: 0f9866448112842e784d5f4a847ad24a, type: 3}
      propertyPath: m_LocalScale.y
      value: 0.28
      objectReference: {fileID: 0}
    - target: {fileID: 4328999627622386, guid: 0f9866448112842e784d5f4a847ad24a, type: 3}
      propertyPath: m_LocalScale.z
      value: 0.28
      objectReference: {fileID: 0}
    - target: {fileID: 4328999627622386, guid: 0f9866448112842e784d5f4a847ad24a, type: 3}
      propertyPath: m_LocalPosition.x
      value: 0
      objectReference: {fileID: 0}
    - target: {fileID: 4328999627622386, guid: 0f9866448112842e784d5f4a847ad24a, type: 3}
      propertyPath: m_LocalPosition.y
      value: 0
      objectReference: {fileID: 0}
    - target: {fileID: 4328999627622386, guid: 0f9866448112842e784d5f4a847ad24a, type: 3}
      propertyPath: m_LocalPosition.z
      value: 0
      objectReference: {fileID: 0}
    - target: {fileID: 4328999627622386, guid: 0f9866448112842e784d5f4a847ad24a, type: 3}
      propertyPath: m_LocalRotation.w
      value: 0
      objectReference: {fileID: 0}
    - target: {fileID: 4328999627622386, guid: 0f9866448112842e784d5f4a847ad24a, type: 3}
      propertyPath: m_LocalRotation.x
      value: -0
      objectReference: {fileID: 0}
    - target: {fileID: 4328999627622386, guid: 0f9866448112842e784d5f4a847ad24a, type: 3}
      propertyPath: m_LocalRotation.y
      value: 1
      objectReference: {fileID: 0}
    - target: {fileID: 4328999627622386, guid: 0f9866448112842e784d5f4a847ad24a, type: 3}
      propertyPath: m_LocalRotation.z
      value: -0
      objectReference: {fileID: 0}
    - target: {fileID: 4328999627622386, guid: 0f9866448112842e784d5f4a847ad24a, type: 3}
      propertyPath: m_LocalEulerAnglesHint.x
      value: 0
      objectReference: {fileID: 0}
    - target: {fileID: 4328999627622386, guid: 0f9866448112842e784d5f4a847ad24a, type: 3}
      propertyPath: m_LocalEulerAnglesHint.y
      value: 180
      objectReference: {fileID: 0}
    - target: {fileID: 4328999627622386, guid: 0f9866448112842e784d5f4a847ad24a, type: 3}
      propertyPath: m_LocalEulerAnglesHint.z
      value: 0
      objectReference: {fileID: 0}
    m_RemovedComponents: []
  m_SourcePrefab: {fileID: 100100000, guid: 0f9866448112842e784d5f4a847ad24a, type: 3}
--- !u!4 &961291696946814572 stripped
Transform:
  m_CorrespondingSourceObject: {fileID: 4328999627622386, guid: 0f9866448112842e784d5f4a847ad24a, type: 3}
  m_PrefabInstance: {fileID: 961607062520175006}
  m_PrefabAsset: {fileID: 0}
--- !u!1001 &1526194776576378682
PrefabInstance:
  m_ObjectHideFlags: 0
  serializedVersion: 2
  m_Modification:
    m_TransformParent: {fileID: 489184553511979932}
    m_Modifications:
    - target: {fileID: 1236244856725252, guid: 9bbeb4bbf84cb4663b6dabe9f97c14c5, type: 3}
      propertyPath: m_Name
      value: cabinet-kitchen-top (11)
      objectReference: {fileID: 0}
    - target: {fileID: 4881183697528344, guid: 9bbeb4bbf84cb4663b6dabe9f97c14c5, type: 3}
      propertyPath: m_RootOrder
      value: 0
      objectReference: {fileID: 0}
    - target: {fileID: 4881183697528344, guid: 9bbeb4bbf84cb4663b6dabe9f97c14c5, type: 3}
      propertyPath: m_LocalScale.x
      value: 0.28
      objectReference: {fileID: 0}
    - target: {fileID: 4881183697528344, guid: 9bbeb4bbf84cb4663b6dabe9f97c14c5, type: 3}
      propertyPath: m_LocalScale.y
      value: 0.28
      objectReference: {fileID: 0}
    - target: {fileID: 4881183697528344, guid: 9bbeb4bbf84cb4663b6dabe9f97c14c5, type: 3}
      propertyPath: m_LocalScale.z
      value: 0.28
      objectReference: {fileID: 0}
    - target: {fileID: 4881183697528344, guid: 9bbeb4bbf84cb4663b6dabe9f97c14c5, type: 3}
      propertyPath: m_LocalPosition.x
      value: -0.15479994
      objectReference: {fileID: 0}
    - target: {fileID: 4881183697528344, guid: 9bbeb4bbf84cb4663b6dabe9f97c14c5, type: 3}
      propertyPath: m_LocalPosition.y
      value: 0
      objectReference: {fileID: 0}
    - target: {fileID: 4881183697528344, guid: 9bbeb4bbf84cb4663b6dabe9f97c14c5, type: 3}
      propertyPath: m_LocalPosition.z
      value: 0
      objectReference: {fileID: 0}
    - target: {fileID: 4881183697528344, guid: 9bbeb4bbf84cb4663b6dabe9f97c14c5, type: 3}
      propertyPath: m_LocalRotation.w
      value: 1
      objectReference: {fileID: 0}
    - target: {fileID: 4881183697528344, guid: 9bbeb4bbf84cb4663b6dabe9f97c14c5, type: 3}
      propertyPath: m_LocalRotation.x
      value: -0
      objectReference: {fileID: 0}
    - target: {fileID: 4881183697528344, guid: 9bbeb4bbf84cb4663b6dabe9f97c14c5, type: 3}
      propertyPath: m_LocalRotation.y
      value: -0
      objectReference: {fileID: 0}
    - target: {fileID: 4881183697528344, guid: 9bbeb4bbf84cb4663b6dabe9f97c14c5, type: 3}
      propertyPath: m_LocalRotation.z
      value: -0
      objectReference: {fileID: 0}
    - target: {fileID: 4881183697528344, guid: 9bbeb4bbf84cb4663b6dabe9f97c14c5, type: 3}
      propertyPath: m_LocalEulerAnglesHint.x
      value: 0
      objectReference: {fileID: 0}
    - target: {fileID: 4881183697528344, guid: 9bbeb4bbf84cb4663b6dabe9f97c14c5, type: 3}
      propertyPath: m_LocalEulerAnglesHint.y
      value: 0
      objectReference: {fileID: 0}
    - target: {fileID: 4881183697528344, guid: 9bbeb4bbf84cb4663b6dabe9f97c14c5, type: 3}
      propertyPath: m_LocalEulerAnglesHint.z
      value: 0
      objectReference: {fileID: 0}
    m_RemovedComponents:
    - {fileID: 65856393933232214, guid: 9bbeb4bbf84cb4663b6dabe9f97c14c5, type: 3}
  m_SourcePrefab: {fileID: 100100000, guid: 9bbeb4bbf84cb4663b6dabe9f97c14c5, type: 3}
--- !u!4 &1531071561144705314 stripped
Transform:
  m_CorrespondingSourceObject: {fileID: 4881183697528344, guid: 9bbeb4bbf84cb4663b6dabe9f97c14c5, type: 3}
  m_PrefabInstance: {fileID: 1526194776576378682}
  m_PrefabAsset: {fileID: 0}
--- !u!1001 &1916276638181642700
PrefabInstance:
  m_ObjectHideFlags: 0
  serializedVersion: 2
  m_Modification:
    m_TransformParent: {fileID: 489184553511979932}
    m_Modifications:
    - target: {fileID: 1236244856725252, guid: 9bbeb4bbf84cb4663b6dabe9f97c14c5, type: 3}
      propertyPath: m_Name
      value: cabinet-kitchen-top (7)
      objectReference: {fileID: 0}
    - target: {fileID: 4881183697528344, guid: 9bbeb4bbf84cb4663b6dabe9f97c14c5, type: 3}
      propertyPath: m_RootOrder
      value: 4
      objectReference: {fileID: 0}
    - target: {fileID: 4881183697528344, guid: 9bbeb4bbf84cb4663b6dabe9f97c14c5, type: 3}
      propertyPath: m_LocalScale.x
      value: 0.28
      objectReference: {fileID: 0}
    - target: {fileID: 4881183697528344, guid: 9bbeb4bbf84cb4663b6dabe9f97c14c5, type: 3}
      propertyPath: m_LocalScale.y
      value: 0.28
      objectReference: {fileID: 0}
    - target: {fileID: 4881183697528344, guid: 9bbeb4bbf84cb4663b6dabe9f97c14c5, type: 3}
      propertyPath: m_LocalScale.z
      value: 0.28
      objectReference: {fileID: 0}
    - target: {fileID: 4881183697528344, guid: 9bbeb4bbf84cb4663b6dabe9f97c14c5, type: 3}
      propertyPath: m_LocalPosition.x
      value: 0.16560006
      objectReference: {fileID: 0}
    - target: {fileID: 4881183697528344, guid: 9bbeb4bbf84cb4663b6dabe9f97c14c5, type: 3}
      propertyPath: m_LocalPosition.y
      value: 0
      objectReference: {fileID: 0}
    - target: {fileID: 4881183697528344, guid: 9bbeb4bbf84cb4663b6dabe9f97c14c5, type: 3}
      propertyPath: m_LocalPosition.z
      value: 0
      objectReference: {fileID: 0}
    - target: {fileID: 4881183697528344, guid: 9bbeb4bbf84cb4663b6dabe9f97c14c5, type: 3}
      propertyPath: m_LocalRotation.w
      value: 1
      objectReference: {fileID: 0}
    - target: {fileID: 4881183697528344, guid: 9bbeb4bbf84cb4663b6dabe9f97c14c5, type: 3}
      propertyPath: m_LocalRotation.x
      value: -0
      objectReference: {fileID: 0}
    - target: {fileID: 4881183697528344, guid: 9bbeb4bbf84cb4663b6dabe9f97c14c5, type: 3}
      propertyPath: m_LocalRotation.y
      value: -0
      objectReference: {fileID: 0}
    - target: {fileID: 4881183697528344, guid: 9bbeb4bbf84cb4663b6dabe9f97c14c5, type: 3}
      propertyPath: m_LocalRotation.z
      value: -0
      objectReference: {fileID: 0}
    - target: {fileID: 4881183697528344, guid: 9bbeb4bbf84cb4663b6dabe9f97c14c5, type: 3}
      propertyPath: m_LocalEulerAnglesHint.x
      value: 0
      objectReference: {fileID: 0}
    - target: {fileID: 4881183697528344, guid: 9bbeb4bbf84cb4663b6dabe9f97c14c5, type: 3}
      propertyPath: m_LocalEulerAnglesHint.y
      value: 0
      objectReference: {fileID: 0}
    - target: {fileID: 4881183697528344, guid: 9bbeb4bbf84cb4663b6dabe9f97c14c5, type: 3}
      propertyPath: m_LocalEulerAnglesHint.z
      value: 0
      objectReference: {fileID: 0}
    m_RemovedComponents:
    - {fileID: 65856393933232214, guid: 9bbeb4bbf84cb4663b6dabe9f97c14c5, type: 3}
  m_SourcePrefab: {fileID: 100100000, guid: 9bbeb4bbf84cb4663b6dabe9f97c14c5, type: 3}
--- !u!4 &1911404320380532692 stripped
Transform:
  m_CorrespondingSourceObject: {fileID: 4881183697528344, guid: 9bbeb4bbf84cb4663b6dabe9f97c14c5, type: 3}
  m_PrefabInstance: {fileID: 1916276638181642700}
  m_PrefabAsset: {fileID: 0}
--- !u!1001 &3633467480741802544
PrefabInstance:
  m_ObjectHideFlags: 0
  serializedVersion: 2
  m_Modification:
    m_TransformParent: {fileID: 7606542087432116782}
    m_Modifications:
    - target: {fileID: 1886126668315858, guid: 34aa3fc438758473c9e3d9ad570cf23f, type: 3}
      propertyPath: m_Name
      value: table-dining (1)
      objectReference: {fileID: 0}
    - target: {fileID: 4828949845237886, guid: 34aa3fc438758473c9e3d9ad570cf23f, type: 3}
      propertyPath: m_RootOrder
      value: 0
      objectReference: {fileID: 0}
    - target: {fileID: 4828949845237886, guid: 34aa3fc438758473c9e3d9ad570cf23f, type: 3}
      propertyPath: m_LocalScale.x
      value: 0.3
      objectReference: {fileID: 0}
    - target: {fileID: 4828949845237886, guid: 34aa3fc438758473c9e3d9ad570cf23f, type: 3}
      propertyPath: m_LocalScale.y
      value: 0.32
      objectReference: {fileID: 0}
    - target: {fileID: 4828949845237886, guid: 34aa3fc438758473c9e3d9ad570cf23f, type: 3}
      propertyPath: m_LocalScale.z
      value: 0.26
      objectReference: {fileID: 0}
    - target: {fileID: 4828949845237886, guid: 34aa3fc438758473c9e3d9ad570cf23f, type: 3}
      propertyPath: m_LocalPosition.x
      value: -0.0029999912
      objectReference: {fileID: 0}
    - target: {fileID: 4828949845237886, guid: 34aa3fc438758473c9e3d9ad570cf23f, type: 3}
      propertyPath: m_LocalPosition.y
      value: 0
      objectReference: {fileID: 0}
    - target: {fileID: 4828949845237886, guid: 34aa3fc438758473c9e3d9ad570cf23f, type: 3}
      propertyPath: m_LocalPosition.z
      value: -0.06399998
      objectReference: {fileID: 0}
    - target: {fileID: 4828949845237886, guid: 34aa3fc438758473c9e3d9ad570cf23f, type: 3}
      propertyPath: m_LocalRotation.w
      value: 1
      objectReference: {fileID: 0}
    - target: {fileID: 4828949845237886, guid: 34aa3fc438758473c9e3d9ad570cf23f, type: 3}
      propertyPath: m_LocalRotation.x
      value: -0
      objectReference: {fileID: 0}
    - target: {fileID: 4828949845237886, guid: 34aa3fc438758473c9e3d9ad570cf23f, type: 3}
      propertyPath: m_LocalRotation.y
      value: -0
      objectReference: {fileID: 0}
    - target: {fileID: 4828949845237886, guid: 34aa3fc438758473c9e3d9ad570cf23f, type: 3}
      propertyPath: m_LocalRotation.z
      value: -0
      objectReference: {fileID: 0}
    - target: {fileID: 4828949845237886, guid: 34aa3fc438758473c9e3d9ad570cf23f, type: 3}
      propertyPath: m_LocalEulerAnglesHint.x
      value: 0
      objectReference: {fileID: 0}
    - target: {fileID: 4828949845237886, guid: 34aa3fc438758473c9e3d9ad570cf23f, type: 3}
      propertyPath: m_LocalEulerAnglesHint.y
      value: 0
      objectReference: {fileID: 0}
    - target: {fileID: 4828949845237886, guid: 34aa3fc438758473c9e3d9ad570cf23f, type: 3}
      propertyPath: m_LocalEulerAnglesHint.z
      value: 0
      objectReference: {fileID: 0}
    m_RemovedComponents: []
  m_SourcePrefab: {fileID: 100100000, guid: 34aa3fc438758473c9e3d9ad570cf23f, type: 3}
--- !u!4 &3638218605778539086 stripped
Transform:
  m_CorrespondingSourceObject: {fileID: 4828949845237886, guid: 34aa3fc438758473c9e3d9ad570cf23f, type: 3}
  m_PrefabInstance: {fileID: 3633467480741802544}
  m_PrefabAsset: {fileID: 0}
--- !u!1001 &4510177543130301900
PrefabInstance:
  m_ObjectHideFlags: 0
  serializedVersion: 2
  m_Modification:
    m_TransformParent: {fileID: 489184553511979932}
    m_Modifications:
    - target: {fileID: 1236244856725252, guid: 9bbeb4bbf84cb4663b6dabe9f97c14c5, type: 3}
      propertyPath: m_Name
      value: cabinet-kitchen-top (8)
      objectReference: {fileID: 0}
    - target: {fileID: 4881183697528344, guid: 9bbeb4bbf84cb4663b6dabe9f97c14c5, type: 3}
      propertyPath: m_RootOrder
      value: 3
      objectReference: {fileID: 0}
    - target: {fileID: 4881183697528344, guid: 9bbeb4bbf84cb4663b6dabe9f97c14c5, type: 3}
      propertyPath: m_LocalScale.x
      value: 0.28
      objectReference: {fileID: 0}
    - target: {fileID: 4881183697528344, guid: 9bbeb4bbf84cb4663b6dabe9f97c14c5, type: 3}
      propertyPath: m_LocalScale.y
      value: 0.28
      objectReference: {fileID: 0}
    - target: {fileID: 4881183697528344, guid: 9bbeb4bbf84cb4663b6dabe9f97c14c5, type: 3}
      propertyPath: m_LocalScale.z
      value: 0.28
      objectReference: {fileID: 0}
    - target: {fileID: 4881183697528344, guid: 9bbeb4bbf84cb4663b6dabe9f97c14c5, type: 3}
      propertyPath: m_LocalPosition.x
      value: 0
      objectReference: {fileID: 0}
    - target: {fileID: 4881183697528344, guid: 9bbeb4bbf84cb4663b6dabe9f97c14c5, type: 3}
      propertyPath: m_LocalPosition.y
      value: -0.07999998
      objectReference: {fileID: 0}
    - target: {fileID: 4881183697528344, guid: 9bbeb4bbf84cb4663b6dabe9f97c14c5, type: 3}
      propertyPath: m_LocalPosition.z
      value: 0
      objectReference: {fileID: 0}
    - target: {fileID: 4881183697528344, guid: 9bbeb4bbf84cb4663b6dabe9f97c14c5, type: 3}
      propertyPath: m_LocalRotation.w
      value: 1
      objectReference: {fileID: 0}
    - target: {fileID: 4881183697528344, guid: 9bbeb4bbf84cb4663b6dabe9f97c14c5, type: 3}
      propertyPath: m_LocalRotation.x
      value: -0
      objectReference: {fileID: 0}
    - target: {fileID: 4881183697528344, guid: 9bbeb4bbf84cb4663b6dabe9f97c14c5, type: 3}
      propertyPath: m_LocalRotation.y
      value: -0
      objectReference: {fileID: 0}
    - target: {fileID: 4881183697528344, guid: 9bbeb4bbf84cb4663b6dabe9f97c14c5, type: 3}
      propertyPath: m_LocalRotation.z
      value: -0
      objectReference: {fileID: 0}
    - target: {fileID: 4881183697528344, guid: 9bbeb4bbf84cb4663b6dabe9f97c14c5, type: 3}
      propertyPath: m_LocalEulerAnglesHint.x
      value: 0
      objectReference: {fileID: 0}
    - target: {fileID: 4881183697528344, guid: 9bbeb4bbf84cb4663b6dabe9f97c14c5, type: 3}
      propertyPath: m_LocalEulerAnglesHint.y
      value: 0
      objectReference: {fileID: 0}
    - target: {fileID: 4881183697528344, guid: 9bbeb4bbf84cb4663b6dabe9f97c14c5, type: 3}
      propertyPath: m_LocalEulerAnglesHint.z
      value: 0
      objectReference: {fileID: 0}
    m_RemovedComponents:
    - {fileID: 65856393933232214, guid: 9bbeb4bbf84cb4663b6dabe9f97c14c5, type: 3}
  m_SourcePrefab: {fileID: 100100000, guid: 9bbeb4bbf84cb4663b6dabe9f97c14c5, type: 3}
--- !u!4 &4505299461482095572 stripped
Transform:
  m_CorrespondingSourceObject: {fileID: 4881183697528344, guid: 9bbeb4bbf84cb4663b6dabe9f97c14c5, type: 3}
  m_PrefabInstance: {fileID: 4510177543130301900}
  m_PrefabAsset: {fileID: 0}
--- !u!1001 &4677972839834928586
PrefabInstance:
  m_ObjectHideFlags: 0
  serializedVersion: 2
  m_Modification:
    m_TransformParent: {fileID: 5409454246588440286}
    m_Modifications:
    - target: {fileID: -8679921383154817045, guid: 013456bb1f909bd4f93d01448ff74e4a, type: 3}
      propertyPath: m_RootOrder
      value: 3
      objectReference: {fileID: 0}
    - target: {fileID: -8679921383154817045, guid: 013456bb1f909bd4f93d01448ff74e4a, type: 3}
      propertyPath: m_LocalScale.x
      value: 6
      objectReference: {fileID: 0}
    - target: {fileID: -8679921383154817045, guid: 013456bb1f909bd4f93d01448ff74e4a, type: 3}
      propertyPath: m_LocalScale.y
      value: 6
      objectReference: {fileID: 0}
    - target: {fileID: -8679921383154817045, guid: 013456bb1f909bd4f93d01448ff74e4a, type: 3}
      propertyPath: m_LocalScale.z
      value: 6
      objectReference: {fileID: 0}
    - target: {fileID: -8679921383154817045, guid: 013456bb1f909bd4f93d01448ff74e4a, type: 3}
      propertyPath: m_LocalPosition.x
      value: 0
      objectReference: {fileID: 0}
    - target: {fileID: -8679921383154817045, guid: 013456bb1f909bd4f93d01448ff74e4a, type: 3}
      propertyPath: m_LocalPosition.y
      value: 0.001
      objectReference: {fileID: 0}
    - target: {fileID: -8679921383154817045, guid: 013456bb1f909bd4f93d01448ff74e4a, type: 3}
      propertyPath: m_LocalPosition.z
      value: -0.014249999
      objectReference: {fileID: 0}
    - target: {fileID: -8679921383154817045, guid: 013456bb1f909bd4f93d01448ff74e4a, type: 3}
      propertyPath: m_LocalRotation.w
      value: 1
      objectReference: {fileID: 0}
    - target: {fileID: -8679921383154817045, guid: 013456bb1f909bd4f93d01448ff74e4a, type: 3}
      propertyPath: m_LocalRotation.x
      value: -0
      objectReference: {fileID: 0}
    - target: {fileID: -8679921383154817045, guid: 013456bb1f909bd4f93d01448ff74e4a, type: 3}
      propertyPath: m_LocalRotation.y
      value: -0
      objectReference: {fileID: 0}
    - target: {fileID: -8679921383154817045, guid: 013456bb1f909bd4f93d01448ff74e4a, type: 3}
      propertyPath: m_LocalRotation.z
      value: -0
      objectReference: {fileID: 0}
    - target: {fileID: -8679921383154817045, guid: 013456bb1f909bd4f93d01448ff74e4a, type: 3}
      propertyPath: m_LocalEulerAnglesHint.x
      value: 0
      objectReference: {fileID: 0}
    - target: {fileID: -8679921383154817045, guid: 013456bb1f909bd4f93d01448ff74e4a, type: 3}
      propertyPath: m_LocalEulerAnglesHint.y
      value: 0
      objectReference: {fileID: 0}
    - target: {fileID: -8679921383154817045, guid: 013456bb1f909bd4f93d01448ff74e4a, type: 3}
      propertyPath: m_LocalEulerAnglesHint.z
      value: 0
      objectReference: {fileID: 0}
    - target: {fileID: -7511558181221131132, guid: 013456bb1f909bd4f93d01448ff74e4a, type: 3}
      propertyPath: m_Materials.Array.data[0]
      value: 
      objectReference: {fileID: 2100000, guid: f5cd0cbb7e17cee4e9da78ba505c2fca, type: 2}
    - target: {fileID: 919132149155446097, guid: 013456bb1f909bd4f93d01448ff74e4a, type: 3}
      propertyPath: m_Name
      value: base_gameplay_room (1)
      objectReference: {fileID: 0}
    m_RemovedComponents: []
  m_SourcePrefab: {fileID: 100100000, guid: 013456bb1f909bd4f93d01448ff74e4a, type: 3}
--- !u!4 &5143611044563001889 stripped
Transform:
  m_CorrespondingSourceObject: {fileID: -8679921383154817045, guid: 013456bb1f909bd4f93d01448ff74e4a, type: 3}
  m_PrefabInstance: {fileID: 4677972839834928586}
  m_PrefabAsset: {fileID: 0}
--- !u!1001 &6267533787099369920
PrefabInstance:
  m_ObjectHideFlags: 0
  serializedVersion: 2
  m_Modification:
    m_TransformParent: {fileID: 7606542087432116782}
    m_Modifications:
    - target: {fileID: 1395249418429942, guid: 44e79961116f94a91bed3415e27f2918, type: 3}
      propertyPath: m_Name
      value: pc-mouse
      objectReference: {fileID: 0}
    - target: {fileID: 1395249418429942, guid: 44e79961116f94a91bed3415e27f2918, type: 3}
      propertyPath: m_IsActive
      value: 0
      objectReference: {fileID: 0}
    - target: {fileID: 4067368034720874, guid: 44e79961116f94a91bed3415e27f2918, type: 3}
      propertyPath: m_RootOrder
      value: 5
      objectReference: {fileID: 0}
    - target: {fileID: 4067368034720874, guid: 44e79961116f94a91bed3415e27f2918, type: 3}
      propertyPath: m_LocalScale.x
      value: 0.3
      objectReference: {fileID: 0}
    - target: {fileID: 4067368034720874, guid: 44e79961116f94a91bed3415e27f2918, type: 3}
      propertyPath: m_LocalScale.y
      value: 0.3
      objectReference: {fileID: 0}
    - target: {fileID: 4067368034720874, guid: 44e79961116f94a91bed3415e27f2918, type: 3}
      propertyPath: m_LocalScale.z
      value: 0.3
      objectReference: {fileID: 0}
    - target: {fileID: 4067368034720874, guid: 44e79961116f94a91bed3415e27f2918, type: 3}
      propertyPath: m_LocalPosition.x
      value: -0.105399996
      objectReference: {fileID: 0}
    - target: {fileID: 4067368034720874, guid: 44e79961116f94a91bed3415e27f2918, type: 3}
      propertyPath: m_LocalPosition.y
      value: 0.25660002
      objectReference: {fileID: 0}
    - target: {fileID: 4067368034720874, guid: 44e79961116f94a91bed3415e27f2918, type: 3}
      propertyPath: m_LocalPosition.z
      value: -0.04189998
      objectReference: {fileID: 0}
    - target: {fileID: 4067368034720874, guid: 44e79961116f94a91bed3415e27f2918, type: 3}
      propertyPath: m_LocalRotation.w
      value: 1
      objectReference: {fileID: 0}
    - target: {fileID: 4067368034720874, guid: 44e79961116f94a91bed3415e27f2918, type: 3}
      propertyPath: m_LocalRotation.x
      value: -0
      objectReference: {fileID: 0}
    - target: {fileID: 4067368034720874, guid: 44e79961116f94a91bed3415e27f2918, type: 3}
      propertyPath: m_LocalRotation.y
      value: -0
      objectReference: {fileID: 0}
    - target: {fileID: 4067368034720874, guid: 44e79961116f94a91bed3415e27f2918, type: 3}
      propertyPath: m_LocalRotation.z
      value: -0
      objectReference: {fileID: 0}
    - target: {fileID: 4067368034720874, guid: 44e79961116f94a91bed3415e27f2918, type: 3}
      propertyPath: m_LocalEulerAnglesHint.x
      value: 0
      objectReference: {fileID: 0}
    - target: {fileID: 4067368034720874, guid: 44e79961116f94a91bed3415e27f2918, type: 3}
      propertyPath: m_LocalEulerAnglesHint.y
      value: 0
      objectReference: {fileID: 0}
    - target: {fileID: 4067368034720874, guid: 44e79961116f94a91bed3415e27f2918, type: 3}
      propertyPath: m_LocalEulerAnglesHint.z
      value: 0
      objectReference: {fileID: 0}
    m_RemovedComponents:
    - {fileID: 65436990870559470, guid: 44e79961116f94a91bed3415e27f2918, type: 3}
  m_SourcePrefab: {fileID: 100100000, guid: 44e79961116f94a91bed3415e27f2918, type: 3}
--- !u!4 &6265830868694093226 stripped
Transform:
  m_CorrespondingSourceObject: {fileID: 4067368034720874, guid: 44e79961116f94a91bed3415e27f2918, type: 3}
  m_PrefabInstance: {fileID: 6267533787099369920}
  m_PrefabAsset: {fileID: 0}
--- !u!1001 &6507851707114411247
PrefabInstance:
  m_ObjectHideFlags: 0
  serializedVersion: 2
  m_Modification:
    m_TransformParent: {fileID: 7606542087432116782}
    m_Modifications:
    - target: {fileID: 1624558880091486, guid: 9ef1cc79da514400b98f54d04bafce61, type: 3}
      propertyPath: m_Name
      value: pc-desktop
      objectReference: {fileID: 0}
    - target: {fileID: 1624558880091486, guid: 9ef1cc79da514400b98f54d04bafce61, type: 3}
      propertyPath: m_IsActive
      value: 0
      objectReference: {fileID: 0}
    - target: {fileID: 4932525886397640, guid: 9ef1cc79da514400b98f54d04bafce61, type: 3}
      propertyPath: m_RootOrder
      value: 2
      objectReference: {fileID: 0}
    - target: {fileID: 4932525886397640, guid: 9ef1cc79da514400b98f54d04bafce61, type: 3}
      propertyPath: m_LocalScale.x
      value: 0.3
      objectReference: {fileID: 0}
    - target: {fileID: 4932525886397640, guid: 9ef1cc79da514400b98f54d04bafce61, type: 3}
      propertyPath: m_LocalScale.y
      value: 0.3
      objectReference: {fileID: 0}
    - target: {fileID: 4932525886397640, guid: 9ef1cc79da514400b98f54d04bafce61, type: 3}
      propertyPath: m_LocalScale.z
      value: 0.3
      objectReference: {fileID: 0}
    - target: {fileID: 4932525886397640, guid: 9ef1cc79da514400b98f54d04bafce61, type: 3}
      propertyPath: m_LocalPosition.x
      value: -0.1794
      objectReference: {fileID: 0}
    - target: {fileID: 4932525886397640, guid: 9ef1cc79da514400b98f54d04bafce61, type: 3}
      propertyPath: m_LocalPosition.y
      value: 0.25300002
      objectReference: {fileID: 0}
    - target: {fileID: 4932525886397640, guid: 9ef1cc79da514400b98f54d04bafce61, type: 3}
      propertyPath: m_LocalPosition.z
      value: -0.07279998
      objectReference: {fileID: 0}
    - target: {fileID: 4932525886397640, guid: 9ef1cc79da514400b98f54d04bafce61, type: 3}
      propertyPath: m_LocalRotation.w
      value: 1
      objectReference: {fileID: 0}
    - target: {fileID: 4932525886397640, guid: 9ef1cc79da514400b98f54d04bafce61, type: 3}
      propertyPath: m_LocalRotation.x
      value: -0
      objectReference: {fileID: 0}
    - target: {fileID: 4932525886397640, guid: 9ef1cc79da514400b98f54d04bafce61, type: 3}
      propertyPath: m_LocalRotation.y
      value: -0
      objectReference: {fileID: 0}
    - target: {fileID: 4932525886397640, guid: 9ef1cc79da514400b98f54d04bafce61, type: 3}
      propertyPath: m_LocalRotation.z
      value: -0
      objectReference: {fileID: 0}
    - target: {fileID: 4932525886397640, guid: 9ef1cc79da514400b98f54d04bafce61, type: 3}
      propertyPath: m_LocalEulerAnglesHint.x
      value: 0
      objectReference: {fileID: 0}
    - target: {fileID: 4932525886397640, guid: 9ef1cc79da514400b98f54d04bafce61, type: 3}
      propertyPath: m_LocalEulerAnglesHint.y
      value: 0
      objectReference: {fileID: 0}
    - target: {fileID: 4932525886397640, guid: 9ef1cc79da514400b98f54d04bafce61, type: 3}
      propertyPath: m_LocalEulerAnglesHint.z
      value: 0
      objectReference: {fileID: 0}
    m_RemovedComponents:
    - {fileID: 65461468620247668, guid: 9ef1cc79da514400b98f54d04bafce61, type: 3}
  m_SourcePrefab: {fileID: 100100000, guid: 9ef1cc79da514400b98f54d04bafce61, type: 3}
--- !u!4 &6503495550002038823 stripped
Transform:
  m_CorrespondingSourceObject: {fileID: 4932525886397640, guid: 9ef1cc79da514400b98f54d04bafce61, type: 3}
  m_PrefabInstance: {fileID: 6507851707114411247}
  m_PrefabAsset: {fileID: 0}
--- !u!1001 &6553335919837626741
PrefabInstance:
  m_ObjectHideFlags: 0
  serializedVersion: 2
  m_Modification:
    m_TransformParent: {fileID: 4860318770443370541}
    m_Modifications:
    - target: {fileID: 7780707353882136537, guid: 4b9158661a290a646b457cfa18f7b7b4, type: 3}
      propertyPath: m_RootOrder
      value: 4
      objectReference: {fileID: 0}
    - target: {fileID: 7780707353882136537, guid: 4b9158661a290a646b457cfa18f7b7b4, type: 3}
      propertyPath: m_LocalScale.x
      value: 0.3
      objectReference: {fileID: 0}
    - target: {fileID: 7780707353882136537, guid: 4b9158661a290a646b457cfa18f7b7b4, type: 3}
      propertyPath: m_LocalScale.y
      value: 0.3
      objectReference: {fileID: 0}
    - target: {fileID: 7780707353882136537, guid: 4b9158661a290a646b457cfa18f7b7b4, type: 3}
      propertyPath: m_LocalScale.z
      value: 0.3
      objectReference: {fileID: 0}
    - target: {fileID: 7780707353882136537, guid: 4b9158661a290a646b457cfa18f7b7b4, type: 3}
      propertyPath: m_LocalPosition.x
      value: -0.369
      objectReference: {fileID: 0}
    - target: {fileID: 7780707353882136537, guid: 4b9158661a290a646b457cfa18f7b7b4, type: 3}
      propertyPath: m_LocalPosition.y
      value: 0.142
      objectReference: {fileID: 0}
    - target: {fileID: 7780707353882136537, guid: 4b9158661a290a646b457cfa18f7b7b4, type: 3}
      propertyPath: m_LocalPosition.z
      value: -0.551
      objectReference: {fileID: 0}
    - target: {fileID: 7780707353882136537, guid: 4b9158661a290a646b457cfa18f7b7b4, type: 3}
      propertyPath: m_LocalRotation.w
      value: 0.9988636
      objectReference: {fileID: 0}
    - target: {fileID: 7780707353882136537, guid: 4b9158661a290a646b457cfa18f7b7b4, type: 3}
      propertyPath: m_LocalRotation.x
      value: -0.047660623
      objectReference: {fileID: 0}
    - target: {fileID: 7780707353882136537, guid: 4b9158661a290a646b457cfa18f7b7b4, type: 3}
      propertyPath: m_LocalRotation.y
      value: -0
      objectReference: {fileID: 0}
    - target: {fileID: 7780707353882136537, guid: 4b9158661a290a646b457cfa18f7b7b4, type: 3}
      propertyPath: m_LocalRotation.z
      value: -0
      objectReference: {fileID: 0}
    - target: {fileID: 7780707353882136537, guid: 4b9158661a290a646b457cfa18f7b7b4, type: 3}
      propertyPath: m_LocalEulerAnglesHint.x
      value: -5.464
      objectReference: {fileID: 0}
    - target: {fileID: 7780707353882136537, guid: 4b9158661a290a646b457cfa18f7b7b4, type: 3}
      propertyPath: m_LocalEulerAnglesHint.y
      value: 0
      objectReference: {fileID: 0}
    - target: {fileID: 7780707353882136537, guid: 4b9158661a290a646b457cfa18f7b7b4, type: 3}
      propertyPath: m_LocalEulerAnglesHint.z
      value: 0
      objectReference: {fileID: 0}
    - target: {fileID: 7780707353882366969, guid: 4b9158661a290a646b457cfa18f7b7b4, type: 3}
      propertyPath: m_Name
      value: bass-guitar
      objectReference: {fileID: 0}
    m_RemovedComponents: []
  m_SourcePrefab: {fileID: 100100000, guid: 4b9158661a290a646b457cfa18f7b7b4, type: 3}
--- !u!4 &3533214993100099244 stripped
Transform:
  m_CorrespondingSourceObject: {fileID: 7780707353882136537, guid: 4b9158661a290a646b457cfa18f7b7b4, type: 3}
  m_PrefabInstance: {fileID: 6553335919837626741}
  m_PrefabAsset: {fileID: 0}
--- !u!1001 &7308719865042677550
PrefabInstance:
  m_ObjectHideFlags: 0
  serializedVersion: 2
  m_Modification:
    m_TransformParent: {fileID: 7606542087432116782}
    m_Modifications:
    - target: {fileID: 1420189000319818, guid: 138548badb23945d6bee82e7b5bc5eda, type: 3}
      propertyPath: m_Name
      value: pc-monitor
      objectReference: {fileID: 0}
    - target: {fileID: 1420189000319818, guid: 138548badb23945d6bee82e7b5bc5eda, type: 3}
      propertyPath: m_IsActive
      value: 0
      objectReference: {fileID: 0}
    - target: {fileID: 4284674344966766, guid: 138548badb23945d6bee82e7b5bc5eda, type: 3}
      propertyPath: m_RootOrder
      value: 3
      objectReference: {fileID: 0}
    - target: {fileID: 4284674344966766, guid: 138548badb23945d6bee82e7b5bc5eda, type: 3}
      propertyPath: m_LocalScale.x
      value: 0.3
      objectReference: {fileID: 0}
    - target: {fileID: 4284674344966766, guid: 138548badb23945d6bee82e7b5bc5eda, type: 3}
      propertyPath: m_LocalScale.y
      value: 0.3
      objectReference: {fileID: 0}
    - target: {fileID: 4284674344966766, guid: 138548badb23945d6bee82e7b5bc5eda, type: 3}
      propertyPath: m_LocalScale.z
      value: 0.3
      objectReference: {fileID: 0}
    - target: {fileID: 4284674344966766, guid: 138548badb23945d6bee82e7b5bc5eda, type: 3}
      propertyPath: m_LocalPosition.x
      value: 0
      objectReference: {fileID: 0}
    - target: {fileID: 4284674344966766, guid: 138548badb23945d6bee82e7b5bc5eda, type: 3}
      propertyPath: m_LocalPosition.y
      value: 0.255
      objectReference: {fileID: 0}
    - target: {fileID: 4284674344966766, guid: 138548badb23945d6bee82e7b5bc5eda, type: 3}
      propertyPath: m_LocalPosition.z
      value: -0.141
      objectReference: {fileID: 0}
    - target: {fileID: 4284674344966766, guid: 138548badb23945d6bee82e7b5bc5eda, type: 3}
      propertyPath: m_LocalRotation.w
      value: 1
      objectReference: {fileID: 0}
    - target: {fileID: 4284674344966766, guid: 138548badb23945d6bee82e7b5bc5eda, type: 3}
      propertyPath: m_LocalRotation.x
      value: -0
      objectReference: {fileID: 0}
    - target: {fileID: 4284674344966766, guid: 138548badb23945d6bee82e7b5bc5eda, type: 3}
      propertyPath: m_LocalRotation.y
      value: -0
      objectReference: {fileID: 0}
    - target: {fileID: 4284674344966766, guid: 138548badb23945d6bee82e7b5bc5eda, type: 3}
      propertyPath: m_LocalRotation.z
      value: -0
      objectReference: {fileID: 0}
    - target: {fileID: 4284674344966766, guid: 138548badb23945d6bee82e7b5bc5eda, type: 3}
      propertyPath: m_LocalEulerAnglesHint.x
      value: 0
      objectReference: {fileID: 0}
    - target: {fileID: 4284674344966766, guid: 138548badb23945d6bee82e7b5bc5eda, type: 3}
      propertyPath: m_LocalEulerAnglesHint.y
      value: 0
      objectReference: {fileID: 0}
    - target: {fileID: 4284674344966766, guid: 138548badb23945d6bee82e7b5bc5eda, type: 3}
      propertyPath: m_LocalEulerAnglesHint.z
      value: 0
      objectReference: {fileID: 0}
    m_RemovedComponents:
    - {fileID: 65402491755230212, guid: 138548badb23945d6bee82e7b5bc5eda, type: 3}
  m_SourcePrefab: {fileID: 100100000, guid: 138548badb23945d6bee82e7b5bc5eda, type: 3}
--- !u!4 &7305666652588930368 stripped
Transform:
  m_CorrespondingSourceObject: {fileID: 4284674344966766, guid: 138548badb23945d6bee82e7b5bc5eda, type: 3}
  m_PrefabInstance: {fileID: 7308719865042677550}
  m_PrefabAsset: {fileID: 0}
--- !u!1001 &7460758821641556042
PrefabInstance:
  m_ObjectHideFlags: 0
  serializedVersion: 2
  m_Modification:
    m_TransformParent: {fileID: 489184553511979932}
    m_Modifications:
    - target: {fileID: 1236244856725252, guid: 9bbeb4bbf84cb4663b6dabe9f97c14c5, type: 3}
      propertyPath: m_Name
      value: cabinet-kitchen-top (6)
      objectReference: {fileID: 0}
    - target: {fileID: 4881183697528344, guid: 9bbeb4bbf84cb4663b6dabe9f97c14c5, type: 3}
      propertyPath: m_RootOrder
      value: 5
      objectReference: {fileID: 0}
    - target: {fileID: 4881183697528344, guid: 9bbeb4bbf84cb4663b6dabe9f97c14c5, type: 3}
      propertyPath: m_LocalScale.x
      value: 0.28
      objectReference: {fileID: 0}
    - target: {fileID: 4881183697528344, guid: 9bbeb4bbf84cb4663b6dabe9f97c14c5, type: 3}
      propertyPath: m_LocalScale.y
      value: 0.28
      objectReference: {fileID: 0}
    - target: {fileID: 4881183697528344, guid: 9bbeb4bbf84cb4663b6dabe9f97c14c5, type: 3}
      propertyPath: m_LocalScale.z
      value: 0.28
      objectReference: {fileID: 0}
    - target: {fileID: 4881183697528344, guid: 9bbeb4bbf84cb4663b6dabe9f97c14c5, type: 3}
      propertyPath: m_LocalPosition.x
      value: 0.16560006
      objectReference: {fileID: 0}
    - target: {fileID: 4881183697528344, guid: 9bbeb4bbf84cb4663b6dabe9f97c14c5, type: 3}
      propertyPath: m_LocalPosition.y
      value: -0.07999998
      objectReference: {fileID: 0}
    - target: {fileID: 4881183697528344, guid: 9bbeb4bbf84cb4663b6dabe9f97c14c5, type: 3}
      propertyPath: m_LocalPosition.z
      value: 0
      objectReference: {fileID: 0}
    - target: {fileID: 4881183697528344, guid: 9bbeb4bbf84cb4663b6dabe9f97c14c5, type: 3}
      propertyPath: m_LocalRotation.w
      value: 1
      objectReference: {fileID: 0}
    - target: {fileID: 4881183697528344, guid: 9bbeb4bbf84cb4663b6dabe9f97c14c5, type: 3}
      propertyPath: m_LocalRotation.x
      value: -0
      objectReference: {fileID: 0}
    - target: {fileID: 4881183697528344, guid: 9bbeb4bbf84cb4663b6dabe9f97c14c5, type: 3}
      propertyPath: m_LocalRotation.y
      value: -0
      objectReference: {fileID: 0}
    - target: {fileID: 4881183697528344, guid: 9bbeb4bbf84cb4663b6dabe9f97c14c5, type: 3}
      propertyPath: m_LocalRotation.z
      value: -0
      objectReference: {fileID: 0}
    - target: {fileID: 4881183697528344, guid: 9bbeb4bbf84cb4663b6dabe9f97c14c5, type: 3}
      propertyPath: m_LocalEulerAnglesHint.x
      value: 0
      objectReference: {fileID: 0}
    - target: {fileID: 4881183697528344, guid: 9bbeb4bbf84cb4663b6dabe9f97c14c5, type: 3}
      propertyPath: m_LocalEulerAnglesHint.y
      value: 0
      objectReference: {fileID: 0}
    - target: {fileID: 4881183697528344, guid: 9bbeb4bbf84cb4663b6dabe9f97c14c5, type: 3}
      propertyPath: m_LocalEulerAnglesHint.z
      value: 0
      objectReference: {fileID: 0}
    m_RemovedComponents:
    - {fileID: 65856393933232214, guid: 9bbeb4bbf84cb4663b6dabe9f97c14c5, type: 3}
  m_SourcePrefab: {fileID: 100100000, guid: 9bbeb4bbf84cb4663b6dabe9f97c14c5, type: 3}
--- !u!4 &7464901064661235282 stripped
Transform:
  m_CorrespondingSourceObject: {fileID: 4881183697528344, guid: 9bbeb4bbf84cb4663b6dabe9f97c14c5, type: 3}
  m_PrefabInstance: {fileID: 7460758821641556042}
  m_PrefabAsset: {fileID: 0}
--- !u!1001 &8139736332285658847
PrefabInstance:
  m_ObjectHideFlags: 0
  serializedVersion: 2
  m_Modification:
    m_TransformParent: {fileID: 7606542087432116782}
    m_Modifications:
    - target: {fileID: 1715102530260762, guid: 3855e182bdc6846f3980f8aebdbc0e7f, type: 3}
      propertyPath: m_Name
      value: pc-keyboard
      objectReference: {fileID: 0}
    - target: {fileID: 1715102530260762, guid: 3855e182bdc6846f3980f8aebdbc0e7f, type: 3}
      propertyPath: m_IsActive
      value: 0
      objectReference: {fileID: 0}
    - target: {fileID: 4090539797672774, guid: 3855e182bdc6846f3980f8aebdbc0e7f, type: 3}
      propertyPath: m_RootOrder
      value: 4
      objectReference: {fileID: 0}
    - target: {fileID: 4090539797672774, guid: 3855e182bdc6846f3980f8aebdbc0e7f, type: 3}
      propertyPath: m_LocalScale.x
      value: 0.3
      objectReference: {fileID: 0}
    - target: {fileID: 4090539797672774, guid: 3855e182bdc6846f3980f8aebdbc0e7f, type: 3}
      propertyPath: m_LocalScale.y
      value: 0.3
      objectReference: {fileID: 0}
    - target: {fileID: 4090539797672774, guid: 3855e182bdc6846f3980f8aebdbc0e7f, type: 3}
      propertyPath: m_LocalScale.z
      value: 0.3
      objectReference: {fileID: 0}
    - target: {fileID: 4090539797672774, guid: 3855e182bdc6846f3980f8aebdbc0e7f, type: 3}
      propertyPath: m_LocalPosition.x
      value: 0.018800005
      objectReference: {fileID: 0}
    - target: {fileID: 4090539797672774, guid: 3855e182bdc6846f3980f8aebdbc0e7f, type: 3}
      propertyPath: m_LocalPosition.y
      value: 0.256
      objectReference: {fileID: 0}
    - target: {fileID: 4090539797672774, guid: 3855e182bdc6846f3980f8aebdbc0e7f, type: 3}
      propertyPath: m_LocalPosition.z
      value: -0.050899982
      objectReference: {fileID: 0}
    - target: {fileID: 4090539797672774, guid: 3855e182bdc6846f3980f8aebdbc0e7f, type: 3}
      propertyPath: m_LocalRotation.w
      value: 1
      objectReference: {fileID: 0}
    - target: {fileID: 4090539797672774, guid: 3855e182bdc6846f3980f8aebdbc0e7f, type: 3}
      propertyPath: m_LocalRotation.x
      value: -0
      objectReference: {fileID: 0}
    - target: {fileID: 4090539797672774, guid: 3855e182bdc6846f3980f8aebdbc0e7f, type: 3}
      propertyPath: m_LocalRotation.y
      value: -0
      objectReference: {fileID: 0}
    - target: {fileID: 4090539797672774, guid: 3855e182bdc6846f3980f8aebdbc0e7f, type: 3}
      propertyPath: m_LocalRotation.z
      value: -0
      objectReference: {fileID: 0}
    - target: {fileID: 4090539797672774, guid: 3855e182bdc6846f3980f8aebdbc0e7f, type: 3}
      propertyPath: m_LocalEulerAnglesHint.x
      value: 0
      objectReference: {fileID: 0}
    - target: {fileID: 4090539797672774, guid: 3855e182bdc6846f3980f8aebdbc0e7f, type: 3}
      propertyPath: m_LocalEulerAnglesHint.y
      value: 0
      objectReference: {fileID: 0}
    - target: {fileID: 4090539797672774, guid: 3855e182bdc6846f3980f8aebdbc0e7f, type: 3}
      propertyPath: m_LocalEulerAnglesHint.z
      value: 0
      objectReference: {fileID: 0}
    m_RemovedComponents:
    - {fileID: 65623112523553338, guid: 3855e182bdc6846f3980f8aebdbc0e7f, type: 3}
  m_SourcePrefab: {fileID: 100100000, guid: 3855e182bdc6846f3980f8aebdbc0e7f, type: 3}
--- !u!4 &8140449026231121305 stripped
Transform:
  m_CorrespondingSourceObject: {fileID: 4090539797672774, guid: 3855e182bdc6846f3980f8aebdbc0e7f, type: 3}
  m_PrefabInstance: {fileID: 8139736332285658847}
  m_PrefabAsset: {fileID: 0}
--- !u!1001 &8723438717282962435
PrefabInstance:
  m_ObjectHideFlags: 0
  serializedVersion: 2
  m_Modification:
    m_TransformParent: {fileID: 489184553511979932}
    m_Modifications:
    - target: {fileID: 1236244856725252, guid: 9bbeb4bbf84cb4663b6dabe9f97c14c5, type: 3}
      propertyPath: m_Name
      value: cabinet-kitchen-top (10)
      objectReference: {fileID: 0}
    - target: {fileID: 4881183697528344, guid: 9bbeb4bbf84cb4663b6dabe9f97c14c5, type: 3}
      propertyPath: m_RootOrder
      value: 1
      objectReference: {fileID: 0}
    - target: {fileID: 4881183697528344, guid: 9bbeb4bbf84cb4663b6dabe9f97c14c5, type: 3}
      propertyPath: m_LocalScale.x
      value: 0.28
      objectReference: {fileID: 0}
    - target: {fileID: 4881183697528344, guid: 9bbeb4bbf84cb4663b6dabe9f97c14c5, type: 3}
      propertyPath: m_LocalScale.y
      value: 0.28
      objectReference: {fileID: 0}
    - target: {fileID: 4881183697528344, guid: 9bbeb4bbf84cb4663b6dabe9f97c14c5, type: 3}
      propertyPath: m_LocalScale.z
      value: 0.28
      objectReference: {fileID: 0}
    - target: {fileID: 4881183697528344, guid: 9bbeb4bbf84cb4663b6dabe9f97c14c5, type: 3}
      propertyPath: m_LocalPosition.x
      value: -0.15479994
      objectReference: {fileID: 0}
    - target: {fileID: 4881183697528344, guid: 9bbeb4bbf84cb4663b6dabe9f97c14c5, type: 3}
      propertyPath: m_LocalPosition.y
      value: -0.07999998
      objectReference: {fileID: 0}
    - target: {fileID: 4881183697528344, guid: 9bbeb4bbf84cb4663b6dabe9f97c14c5, type: 3}
      propertyPath: m_LocalPosition.z
      value: 0
      objectReference: {fileID: 0}
    - target: {fileID: 4881183697528344, guid: 9bbeb4bbf84cb4663b6dabe9f97c14c5, type: 3}
      propertyPath: m_LocalRotation.w
      value: 1
      objectReference: {fileID: 0}
    - target: {fileID: 4881183697528344, guid: 9bbeb4bbf84cb4663b6dabe9f97c14c5, type: 3}
      propertyPath: m_LocalRotation.x
      value: -0
      objectReference: {fileID: 0}
    - target: {fileID: 4881183697528344, guid: 9bbeb4bbf84cb4663b6dabe9f97c14c5, type: 3}
      propertyPath: m_LocalRotation.y
      value: -0
      objectReference: {fileID: 0}
    - target: {fileID: 4881183697528344, guid: 9bbeb4bbf84cb4663b6dabe9f97c14c5, type: 3}
      propertyPath: m_LocalRotation.z
      value: -0
      objectReference: {fileID: 0}
    - target: {fileID: 4881183697528344, guid: 9bbeb4bbf84cb4663b6dabe9f97c14c5, type: 3}
      propertyPath: m_LocalEulerAnglesHint.x
      value: 0
      objectReference: {fileID: 0}
    - target: {fileID: 4881183697528344, guid: 9bbeb4bbf84cb4663b6dabe9f97c14c5, type: 3}
      propertyPath: m_LocalEulerAnglesHint.y
      value: 0
      objectReference: {fileID: 0}
    - target: {fileID: 4881183697528344, guid: 9bbeb4bbf84cb4663b6dabe9f97c14c5, type: 3}
      propertyPath: m_LocalEulerAnglesHint.z
      value: 0
      objectReference: {fileID: 0}
    m_RemovedComponents:
    - {fileID: 65856393933232214, guid: 9bbeb4bbf84cb4663b6dabe9f97c14c5, type: 3}
  m_SourcePrefab: {fileID: 100100000, guid: 9bbeb4bbf84cb4663b6dabe9f97c14c5, type: 3}
--- !u!4 &8727613386375146011 stripped
Transform:
  m_CorrespondingSourceObject: {fileID: 4881183697528344, guid: 9bbeb4bbf84cb4663b6dabe9f97c14c5, type: 3}
  m_PrefabInstance: {fileID: 8723438717282962435}
  m_PrefabAsset: {fileID: 0}
--- !u!1001 &8741734661935883148
PrefabInstance:
  m_ObjectHideFlags: 0
  serializedVersion: 2
  m_Modification:
    m_TransformParent: {fileID: 489184553511979932}
    m_Modifications:
    - target: {fileID: 1236244856725252, guid: 9bbeb4bbf84cb4663b6dabe9f97c14c5, type: 3}
      propertyPath: m_Name
      value: cabinet-kitchen-top (9)
      objectReference: {fileID: 0}
    - target: {fileID: 4881183697528344, guid: 9bbeb4bbf84cb4663b6dabe9f97c14c5, type: 3}
      propertyPath: m_RootOrder
      value: 2
      objectReference: {fileID: 0}
    - target: {fileID: 4881183697528344, guid: 9bbeb4bbf84cb4663b6dabe9f97c14c5, type: 3}
      propertyPath: m_LocalScale.x
      value: 0.28
      objectReference: {fileID: 0}
    - target: {fileID: 4881183697528344, guid: 9bbeb4bbf84cb4663b6dabe9f97c14c5, type: 3}
      propertyPath: m_LocalScale.y
      value: 0.28
      objectReference: {fileID: 0}
    - target: {fileID: 4881183697528344, guid: 9bbeb4bbf84cb4663b6dabe9f97c14c5, type: 3}
      propertyPath: m_LocalScale.z
      value: 0.28
      objectReference: {fileID: 0}
    - target: {fileID: 4881183697528344, guid: 9bbeb4bbf84cb4663b6dabe9f97c14c5, type: 3}
      propertyPath: m_LocalPosition.x
      value: 0
      objectReference: {fileID: 0}
    - target: {fileID: 4881183697528344, guid: 9bbeb4bbf84cb4663b6dabe9f97c14c5, type: 3}
      propertyPath: m_LocalPosition.y
      value: 0
      objectReference: {fileID: 0}
    - target: {fileID: 4881183697528344, guid: 9bbeb4bbf84cb4663b6dabe9f97c14c5, type: 3}
      propertyPath: m_LocalPosition.z
      value: 0
      objectReference: {fileID: 0}
    - target: {fileID: 4881183697528344, guid: 9bbeb4bbf84cb4663b6dabe9f97c14c5, type: 3}
      propertyPath: m_LocalRotation.w
      value: 1
      objectReference: {fileID: 0}
    - target: {fileID: 4881183697528344, guid: 9bbeb4bbf84cb4663b6dabe9f97c14c5, type: 3}
      propertyPath: m_LocalRotation.x
      value: -0
      objectReference: {fileID: 0}
    - target: {fileID: 4881183697528344, guid: 9bbeb4bbf84cb4663b6dabe9f97c14c5, type: 3}
      propertyPath: m_LocalRotation.y
      value: -0
      objectReference: {fileID: 0}
    - target: {fileID: 4881183697528344, guid: 9bbeb4bbf84cb4663b6dabe9f97c14c5, type: 3}
      propertyPath: m_LocalRotation.z
      value: -0
      objectReference: {fileID: 0}
    - target: {fileID: 4881183697528344, guid: 9bbeb4bbf84cb4663b6dabe9f97c14c5, type: 3}
      propertyPath: m_LocalEulerAnglesHint.x
      value: 0
      objectReference: {fileID: 0}
    - target: {fileID: 4881183697528344, guid: 9bbeb4bbf84cb4663b6dabe9f97c14c5, type: 3}
      propertyPath: m_LocalEulerAnglesHint.y
      value: 0
      objectReference: {fileID: 0}
    - target: {fileID: 4881183697528344, guid: 9bbeb4bbf84cb4663b6dabe9f97c14c5, type: 3}
      propertyPath: m_LocalEulerAnglesHint.z
      value: 0
      objectReference: {fileID: 0}
    m_RemovedComponents:
    - {fileID: 65856393933232214, guid: 9bbeb4bbf84cb4663b6dabe9f97c14c5, type: 3}
  m_SourcePrefab: {fileID: 100100000, guid: 9bbeb4bbf84cb4663b6dabe9f97c14c5, type: 3}
--- !u!4 &8737465081584387476 stripped
Transform:
  m_CorrespondingSourceObject: {fileID: 4881183697528344, guid: 9bbeb4bbf84cb4663b6dabe9f97c14c5, type: 3}
  m_PrefabInstance: {fileID: 8741734661935883148}
  m_PrefabAsset: {fileID: 0}
