%YAML 1.1
%TAG !u! tag:unity3d.com,2011:
--- !u!1 &215556284440160315
GameObject:
  m_ObjectHideFlags: 0
  m_CorrespondingSourceObject: {fileID: 0}
  m_PrefabInstance: {fileID: 0}
  m_PrefabAsset: {fileID: 0}
  serializedVersion: 6
  m_Component:
  - component: {fileID: 151223945228013460}
  m_Layer: 0
  m_Name: right_shoulder
  m_TagString: Untagged
  m_Icon: {fileID: 0}
  m_NavMeshLayer: 0
  m_StaticEditorFlags: 0
  m_IsActive: 1
--- !u!4 &151223945228013460
Transform:
  m_ObjectHideFlags: 0
  m_CorrespondingSourceObject: {fileID: 0}
  m_PrefabInstance: {fileID: 0}
  m_PrefabAsset: {fileID: 0}
  m_GameObject: {fileID: 215556284440160315}
  m_LocalRotation: {x: -0.61386275, y: -0.35095942, z: -0.369962, w: 0.6026012}
  m_LocalPosition: {x: -0.019755125, y: -0.016777493, z: 0.12589198}
  m_LocalScale: {x: 1, y: 1, z: 1}
  m_Children:
  - {fileID: 4614885583032093985}
  m_Father: {fileID: 2284499450351308404}
  m_RootOrder: 3
  m_LocalEulerAnglesHint: {x: 0, y: 0, z: 0}
--- !u!1 &270655576012491357
GameObject:
  m_ObjectHideFlags: 0
  m_CorrespondingSourceObject: {fileID: 0}
  m_PrefabInstance: {fileID: 0}
  m_PrefabAsset: {fileID: 0}
  serializedVersion: 6
  m_Component:
  - component: {fileID: 7820228196088933543}
  m_Layer: 0
  m_Name: right_wrist
  m_TagString: Untagged
  m_Icon: {fileID: 0}
  m_NavMeshLayer: 0
  m_StaticEditorFlags: 0
  m_IsActive: 1
--- !u!4 &7820228196088933543
Transform:
  m_ObjectHideFlags: 0
  m_CorrespondingSourceObject: {fileID: 0}
  m_PrefabInstance: {fileID: 0}
  m_PrefabAsset: {fileID: 0}
  m_GameObject: {fileID: 270655576012491357}
  m_LocalRotation: {x: 0, y: -0, z: -0, w: 1}
  m_LocalPosition: {x: 0.25724196, y: 0.10358899, z: -0.0016733999}
  m_LocalScale: {x: 1, y: 1, z: 1}
  m_Children:
  - {fileID: 8784746192491241988}
  m_Father: {fileID: 7273424730676559603}
  m_RootOrder: 0
  m_LocalEulerAnglesHint: {x: 0, y: 0, z: 0}
--- !u!1 &443438204356224664
GameObject:
  m_ObjectHideFlags: 0
  m_CorrespondingSourceObject: {fileID: 0}
  m_PrefabInstance: {fileID: 0}
  m_PrefabAsset: {fileID: 0}
  serializedVersion: 6
  m_Component:
  - component: {fileID: 3484767434217990539}
  m_Layer: 0
  m_Name: left_hand
  m_TagString: Untagged
  m_Icon: {fileID: 0}
  m_NavMeshLayer: 0
  m_StaticEditorFlags: 0
  m_IsActive: 1
--- !u!4 &3484767434217990539
Transform:
  m_ObjectHideFlags: 0
  m_CorrespondingSourceObject: {fileID: 0}
  m_PrefabInstance: {fileID: 0}
  m_PrefabAsset: {fileID: 0}
  m_GameObject: {fileID: 443438204356224664}
  m_LocalRotation: {x: 0, y: -0, z: -0, w: 1}
  m_LocalPosition: {x: -0.079231955, y: -0.0443343, z: 0.0049398723}
  m_LocalScale: {x: 1, y: 1, z: 1}
  m_Children:
  - {fileID: 5458531692583589465}
  - {fileID: 4815606172646570453}
  - {fileID: 592579353726785792}
  - {fileID: 5701235584571537529}
  m_Father: {fileID: 2458076476980825781}
  m_RootOrder: 0
  m_LocalEulerAnglesHint: {x: 0, y: 0, z: 0}
--- !u!1 &1058277968894549596
GameObject:
  m_ObjectHideFlags: 0
  m_CorrespondingSourceObject: {fileID: 0}
  m_PrefabInstance: {fileID: 0}
  m_PrefabAsset: {fileID: 0}
  serializedVersion: 6
  m_Component:
  - component: {fileID: 5359324031731705127}
  m_Layer: 0
  m_Name: left_little_3
  m_TagString: Untagged
  m_Icon: {fileID: 0}
  m_NavMeshLayer: 0
  m_StaticEditorFlags: 0
  m_IsActive: 1
--- !u!4 &5359324031731705127
Transform:
  m_ObjectHideFlags: 0
  m_CorrespondingSourceObject: {fileID: 0}
  m_PrefabInstance: {fileID: 0}
  m_PrefabAsset: {fileID: 0}
  m_GameObject: {fileID: 1058277968894549596}
  m_LocalRotation: {x: 0, y: -0.01603132, z: -0, w: 0.9998715}
  m_LocalPosition: {x: -0.03702944, y: -0.058424536, z: -0.00174675}
  m_LocalScale: {x: 1, y: 1, z: 1}
  m_Children: []
  m_Father: {fileID: 6136140499104831679}
  m_RootOrder: 0
  m_LocalEulerAnglesHint: {x: 0, y: 0, z: 0}
--- !u!1 &1720488342367172212
GameObject:
  m_ObjectHideFlags: 0
  m_CorrespondingSourceObject: {fileID: 0}
  m_PrefabInstance: {fileID: 0}
  m_PrefabAsset: {fileID: 0}
  serializedVersion: 6
  m_Component:
  - component: {fileID: 4495697786311578172}
  m_Layer: 0
  m_Name: right_index_3
  m_TagString: Untagged
  m_Icon: {fileID: 0}
  m_NavMeshLayer: 0
  m_StaticEditorFlags: 0
  m_IsActive: 1
--- !u!4 &4495697786311578172
Transform:
  m_ObjectHideFlags: 0
  m_CorrespondingSourceObject: {fileID: 0}
  m_PrefabInstance: {fileID: 0}
  m_PrefabAsset: {fileID: 0}
  m_GameObject: {fileID: 1720488342367172212}
  m_LocalRotation: {x: 0, y: -0.01603132, z: -0, w: 0.9998715}
  m_LocalPosition: {x: 0.045300163, y: 0.053423997, z: -0.006574564}
  m_LocalScale: {x: 1, y: 1, z: 1}
  m_Children: []
  m_Father: {fileID: 1988157065199282319}
  m_RootOrder: 0
  m_LocalEulerAnglesHint: {x: 0, y: 0, z: 0}
--- !u!1 &1899000853995940595
GameObject:
  m_ObjectHideFlags: 0
  m_CorrespondingSourceObject: {fileID: 0}
  m_PrefabInstance: {fileID: 0}
  m_PrefabAsset: {fileID: 0}
  serializedVersion: 6
  m_Component:
  - component: {fileID: 8717292078940799488}
  m_Layer: 0
  m_Name: left_middle_2
  m_TagString: Untagged
  m_Icon: {fileID: 0}
  m_NavMeshLayer: 0
  m_StaticEditorFlags: 0
  m_IsActive: 1
--- !u!4 &8717292078940799488
Transform:
  m_ObjectHideFlags: 0
  m_CorrespondingSourceObject: {fileID: 0}
  m_PrefabInstance: {fileID: 0}
  m_PrefabAsset: {fileID: 0}
  m_GameObject: {fileID: 1899000853995940595}
  m_LocalRotation: {x: 0, y: 0.0032022912, z: -0, w: 0.9999949}
  m_LocalPosition: {x: -0.06341421, y: -0.055195764, z: -0.00067610876}
  m_LocalScale: {x: 1, y: 1, z: 1}
  m_Children:
  - {fileID: 3579799471921050279}
  m_Father: {fileID: 592579353726785792}
  m_RootOrder: 0
  m_LocalEulerAnglesHint: {x: 0, y: 0, z: 0}
--- !u!1 &2048910794044544696
GameObject:
  m_ObjectHideFlags: 0
  m_CorrespondingSourceObject: {fileID: 0}
  m_PrefabInstance: {fileID: 0}
  m_PrefabAsset: {fileID: 0}
  serializedVersion: 6
  m_Component:
  - component: {fileID: 6725137044074282354}
  m_Layer: 0
  m_Name: left_elbow
  m_TagString: Untagged
  m_Icon: {fileID: 0}
  m_NavMeshLayer: 0
  m_StaticEditorFlags: 0
  m_IsActive: 1
--- !u!4 &6725137044074282354
Transform:
  m_ObjectHideFlags: 0
  m_CorrespondingSourceObject: {fileID: 0}
  m_PrefabInstance: {fileID: 0}
  m_PrefabAsset: {fileID: 0}
  m_GameObject: {fileID: 2048910794044544696}
  m_LocalRotation: {x: 0, y: -0, z: -0, w: 1}
  m_LocalPosition: {x: -0.13591935, y: -0.07481144, z: -0.02803701}
  m_LocalScale: {x: 1, y: 1, z: 1}
  m_Children:
  - {fileID: 2458076476980825781}
  m_Father: {fileID: 8567276490231154820}
  m_RootOrder: 0
  m_LocalEulerAnglesHint: {x: 0, y: 0, z: 0}
--- !u!1 &2299625546988382886
GameObject:
  m_ObjectHideFlags: 0
  m_CorrespondingSourceObject: {fileID: 0}
  m_PrefabInstance: {fileID: 0}
  m_PrefabAsset: {fileID: 0}
  serializedVersion: 6
  m_Component:
  - component: {fileID: 4873434157835168035}
  m_Layer: 0
  m_Name: left_ankle
  m_TagString: Untagged
  m_Icon: {fileID: 0}
  m_NavMeshLayer: 0
  m_StaticEditorFlags: 0
  m_IsActive: 1
--- !u!4 &4873434157835168035
Transform:
  m_ObjectHideFlags: 0
  m_CorrespondingSourceObject: {fileID: 0}
  m_PrefabInstance: {fileID: 0}
  m_PrefabAsset: {fileID: 0}
  m_GameObject: {fileID: 2299625546988382886}
  m_LocalRotation: {x: 0.6394617, y: 0.3177088, z: -0.29392582, w: 0.63541913}
  m_LocalPosition: {x: -0.3277389, y: -0.01413538, z: -0.08178204}
  m_LocalScale: {x: 1, y: 1, z: 1}
  m_Children:
  - {fileID: 8094050506811680242}
  m_Father: {fileID: 8616250204186326381}
  m_RootOrder: 0
  m_LocalEulerAnglesHint: {x: 0, y: 0, z: 0}
--- !u!1 &2381685707045781354
GameObject:
  m_ObjectHideFlags: 0
  m_CorrespondingSourceObject: {fileID: 0}
  m_PrefabInstance: {fileID: 0}
  m_PrefabAsset: {fileID: 0}
  serializedVersion: 6
  m_Component:
  - component: {fileID: 1605740018293872868}
  m_Layer: 0
  m_Name: left_leg
  m_TagString: Untagged
  m_Icon: {fileID: 0}
  m_NavMeshLayer: 0
  m_StaticEditorFlags: 0
  m_IsActive: 1
--- !u!4 &1605740018293872868
Transform:
  m_ObjectHideFlags: 0
  m_CorrespondingSourceObject: {fileID: 0}
  m_PrefabInstance: {fileID: 0}
  m_PrefabAsset: {fileID: 0}
  m_GameObject: {fileID: 2381685707045781354}
  m_LocalRotation: {x: -0.042956203, y: 0.7095759, z: 0.7009051, w: 0.058214072}
  m_LocalPosition: {x: 0.047564596, y: 0.008872663, z: 0.12262074}
  m_LocalScale: {x: 1, y: 1, z: 1}
  m_Children:
  - {fileID: 8616250204186326381}
  m_Father: {fileID: 1699639650276174348}
  m_RootOrder: 1
  m_LocalEulerAnglesHint: {x: 0, y: 0, z: 0}
--- !u!1 &2522180267725935232
GameObject:
  m_ObjectHideFlags: 0
  m_CorrespondingSourceObject: {fileID: 0}
  m_PrefabInstance: {fileID: 0}
  m_PrefabAsset: {fileID: 0}
  serializedVersion: 6
  m_Component:
  - component: {fileID: 8374769940672782832}
  m_Layer: 0
  m_Name: right_thumb_2
  m_TagString: Untagged
  m_Icon: {fileID: 0}
  m_NavMeshLayer: 0
  m_StaticEditorFlags: 0
  m_IsActive: 1
--- !u!4 &8374769940672782832
Transform:
  m_ObjectHideFlags: 0
  m_CorrespondingSourceObject: {fileID: 0}
  m_PrefabInstance: {fileID: 0}
  m_PrefabAsset: {fileID: 0}
  m_GameObject: {fileID: 2522180267725935232}
  m_LocalRotation: {x: 0, y: -0.02896484, z: -0, w: 0.99958044}
  m_LocalPosition: {x: 0.044672772, y: 0.026530998, z: 0.0010070504}
  m_LocalScale: {x: 1, y: 1, z: 1}
  m_Children: []
  m_Father: {fileID: 8447749903182372351}
  m_RootOrder: 0
  m_LocalEulerAnglesHint: {x: 0, y: 0, z: 0}
--- !u!1 &2548301887844490962
GameObject:
  m_ObjectHideFlags: 0
  m_CorrespondingSourceObject: {fileID: 0}
  m_PrefabInstance: {fileID: 0}
  m_PrefabAsset: {fileID: 0}
  serializedVersion: 6
  m_Component:
  - component: {fileID: 8357463343924165601}
  m_Layer: 0
  m_Name: right_little_3
  m_TagString: Untagged
  m_Icon: {fileID: 0}
  m_NavMeshLayer: 0
  m_StaticEditorFlags: 0
  m_IsActive: 1
--- !u!4 &8357463343924165601
Transform:
  m_ObjectHideFlags: 0
  m_CorrespondingSourceObject: {fileID: 0}
  m_PrefabInstance: {fileID: 0}
  m_PrefabAsset: {fileID: 0}
  m_GameObject: {fileID: 2548301887844490962}
  m_LocalRotation: {x: 0, y: -0.01603132, z: -0, w: 0.9998715}
  m_LocalPosition: {x: 0.037029497, y: 0.058424, z: 0.00174695}
  m_LocalScale: {x: 1, y: 1, z: 1}
  m_Children: []
  m_Father: {fileID: 4529371701191155365}
  m_RootOrder: 0
  m_LocalEulerAnglesHint: {x: 0, y: 0, z: 0}
--- !u!1 &3176406795187210645
GameObject:
  m_ObjectHideFlags: 0
  m_CorrespondingSourceObject: {fileID: 0}
  m_PrefabInstance: {fileID: 0}
  m_PrefabAsset: {fileID: 0}
  serializedVersion: 6
  m_Component:
  - component: {fileID: 5135927252284882371}
  m_Layer: 0
  m_Name: right_foot
  m_TagString: Untagged
  m_Icon: {fileID: 0}
  m_NavMeshLayer: 0
  m_StaticEditorFlags: 0
  m_IsActive: 1
--- !u!4 &5135927252284882371
Transform:
  m_ObjectHideFlags: 0
  m_CorrespondingSourceObject: {fileID: 0}
  m_PrefabInstance: {fileID: 0}
  m_PrefabAsset: {fileID: 0}
  m_GameObject: {fileID: 3176406795187210645}
  m_LocalRotation: {x: 0, y: -0, z: -0.313769, w: 0.94949937}
  m_LocalPosition: {x: 0.19015445, y: 0.066630475, z: -0.0036774774}
  m_LocalScale: {x: 1, y: 1, z: 1}
  m_Children:
  - {fileID: 5164368546380956374}
  m_Father: {fileID: 2863602392333634822}
  m_RootOrder: 0
  m_LocalEulerAnglesHint: {x: 0, y: 0, z: 0}
--- !u!1 &3290169139986732254
GameObject:
  m_ObjectHideFlags: 0
  m_CorrespondingSourceObject: {fileID: 0}
  m_PrefabInstance: {fileID: 0}
  m_PrefabAsset: {fileID: 0}
  serializedVersion: 6
  m_Component:
  - component: {fileID: 4815606172646570453}
  m_Layer: 0
  m_Name: left_little_1
  m_TagString: Untagged
  m_Icon: {fileID: 0}
  m_NavMeshLayer: 0
  m_StaticEditorFlags: 0
  m_IsActive: 1
--- !u!4 &4815606172646570453
Transform:
  m_ObjectHideFlags: 0
  m_CorrespondingSourceObject: {fileID: 0}
  m_PrefabInstance: {fileID: 0}
  m_PrefabAsset: {fileID: 0}
  m_GameObject: {fileID: 3290169139986732254}
  m_LocalRotation: {x: 0, y: 0.017333224, z: -0, w: 0.9998498}
  m_LocalPosition: {x: -0.082813114, y: -0.013309495, z: -0.088557586}
  m_LocalScale: {x: 1, y: 1, z: 1}
  m_Children:
  - {fileID: 6136140499104831679}
  m_Father: {fileID: 3484767434217990539}
  m_RootOrder: 1
  m_LocalEulerAnglesHint: {x: 0, y: 0, z: 0}
--- !u!1 &3352106151361011926
GameObject:
  m_ObjectHideFlags: 0
  m_CorrespondingSourceObject: {fileID: 0}
  m_PrefabInstance: {fileID: 0}
  m_PrefabAsset: {fileID: 0}
  serializedVersion: 6
  m_Component:
  - component: {fileID: 8784746192491241988}
  m_Layer: 0
  m_Name: right_hand
  m_TagString: Untagged
  m_Icon: {fileID: 0}
  m_NavMeshLayer: 0
  m_StaticEditorFlags: 0
  m_IsActive: 1
--- !u!4 &8784746192491241988
Transform:
  m_ObjectHideFlags: 0
  m_CorrespondingSourceObject: {fileID: 0}
  m_PrefabInstance: {fileID: 0}
  m_PrefabAsset: {fileID: 0}
  m_GameObject: {fileID: 3352106151361011926}
  m_LocalRotation: {x: 0, y: -0, z: -0, w: 1}
  m_LocalPosition: {x: 0.061138995, y: 0.060425, z: -0.0049399}
  m_LocalScale: {x: 1, y: 1, z: 1}
  m_Children:
  - {fileID: 8933188178527129753}
  - {fileID: 8182573110394543643}
  - {fileID: 5077869541023367630}
  - {fileID: 8447749903182372351}
  m_Father: {fileID: 7820228196088933543}
  m_RootOrder: 0
  m_LocalEulerAnglesHint: {x: 0, y: 0, z: 0}
--- !u!1 &3756180325082756142
GameObject:
  m_ObjectHideFlags: 0
  m_CorrespondingSourceObject: {fileID: 0}
  m_PrefabInstance: {fileID: 0}
  m_PrefabAsset: {fileID: 0}
  serializedVersion: 6
  m_Component:
  - component: {fileID: 2284499450351308404}
  m_Layer: 0
  m_Name: chest
  m_TagString: Untagged
  m_Icon: {fileID: 0}
  m_NavMeshLayer: 0
  m_StaticEditorFlags: 0
  m_IsActive: 1
--- !u!4 &2284499450351308404
Transform:
  m_ObjectHideFlags: 0
  m_CorrespondingSourceObject: {fileID: 0}
  m_PrefabInstance: {fileID: 0}
  m_PrefabAsset: {fileID: 0}
  m_GameObject: {fileID: 3756180325082756142}
  m_LocalRotation: {x: 0.9996065, y: -0.028051483, z: -2.0899983e-10, w: 0.0000000074476487}
  m_LocalPosition: {x: -0.17978276, y: -0.034799375, z: -6.763883e-17}
  m_LocalScale: {x: 1, y: 1, z: 1}
  m_Children:
  - {fileID: 7768828956068012709}
  - {fileID: 3348621473597697719}
  - {fileID: 611353125354886475}
  - {fileID: 151223945228013460}
  m_Father: {fileID: 4199152932070484964}
  m_RootOrder: 0
  m_LocalEulerAnglesHint: {x: 0, y: 0, z: 0}
--- !u!1 &3795941600667697789
GameObject:
  m_ObjectHideFlags: 0
  m_CorrespondingSourceObject: {fileID: 0}
  m_PrefabInstance: {fileID: 0}
  m_PrefabAsset: {fileID: 0}
  serializedVersion: 6
  m_Component:
  - component: {fileID: 8255386183150489640}
  m_Layer: 0
  m_Name: right_leg
  m_TagString: Untagged
  m_Icon: {fileID: 0}
  m_NavMeshLayer: 0
  m_StaticEditorFlags: 0
  m_IsActive: 1
--- !u!4 &8255386183150489640
Transform:
  m_ObjectHideFlags: 0
  m_CorrespondingSourceObject: {fileID: 0}
  m_PrefabInstance: {fileID: 0}
  m_PrefabAsset: {fileID: 0}
  m_GameObject: {fileID: 3795941600667697789}
  m_LocalRotation: {x: 0.7095759, y: 0.042956207, z: -0.05821407, w: 0.70090514}
  m_LocalPosition: {x: 0.04756487, y: 0.008872652, z: -0.12262099}
  m_LocalScale: {x: 1, y: 1, z: 1}
  m_Children:
  - {fileID: 2640027539219964640}
  m_Father: {fileID: 1699639650276174348}
  m_RootOrder: 2
  m_LocalEulerAnglesHint: {x: 0, y: 0, z: 0}
--- !u!1 &3815211859322312669
GameObject:
  m_ObjectHideFlags: 0
  m_CorrespondingSourceObject: {fileID: 0}
  m_PrefabInstance: {fileID: 0}
  m_PrefabAsset: {fileID: 0}
  serializedVersion: 6
  m_Component:
  - component: {fileID: 2863602392333634822}
  m_Layer: 0
  m_Name: right_ankle
  m_TagString: Untagged
  m_Icon: {fileID: 0}
  m_NavMeshLayer: 0
  m_StaticEditorFlags: 0
  m_IsActive: 1
--- !u!4 &2863602392333634822
Transform:
  m_ObjectHideFlags: 0
  m_CorrespondingSourceObject: {fileID: 0}
  m_PrefabInstance: {fileID: 0}
  m_PrefabAsset: {fileID: 0}
  m_GameObject: {fileID: 3815211859322312669}
  m_LocalRotation: {x: 0.63946164, y: 0.3177088, z: -0.29392576, w: 0.6354192}
  m_LocalPosition: {x: 0.32773882, y: 0.014135308, z: 0.081782}
  m_LocalScale: {x: 1, y: 1, z: 1}
  m_Children:
  - {fileID: 5135927252284882371}
  m_Father: {fileID: 2640027539219964640}
  m_RootOrder: 0
  m_LocalEulerAnglesHint: {x: 0, y: 0, z: 0}
--- !u!1 &4062400077585824266
GameObject:
  m_ObjectHideFlags: 0
  m_CorrespondingSourceObject: {fileID: 0}
  m_PrefabInstance: {fileID: 0}
  m_PrefabAsset: {fileID: 0}
  serializedVersion: 6
  m_Component:
  - component: {fileID: 7768828956068012709}
  m_Layer: 0
  m_Name: back_booster
  m_TagString: Untagged
  m_Icon: {fileID: 0}
  m_NavMeshLayer: 0
  m_StaticEditorFlags: 0
  m_IsActive: 1
--- !u!4 &7768828956068012709
Transform:
  m_ObjectHideFlags: 0
  m_CorrespondingSourceObject: {fileID: 0}
  m_PrefabInstance: {fileID: 0}
  m_PrefabAsset: {fileID: 0}
  m_GameObject: {fileID: 4062400077585824266}
  m_LocalRotation: {x: 0.49212936, y: -0.50774866, z: 0.49212936, w: 0.50774866}
  m_LocalPosition: {x: 0.08231023, y: 0.1772507, z: 0.0000000026412414}
  m_LocalScale: {x: 1, y: 1, z: 1}
  m_Children: []
  m_Father: {fileID: 2284499450351308404}
  m_RootOrder: 0
  m_LocalEulerAnglesHint: {x: 0, y: 0, z: 0}
--- !u!1 &4097203835221675803
GameObject:
  m_ObjectHideFlags: 0
  m_CorrespondingSourceObject: {fileID: 0}
  m_PrefabInstance: {fileID: 0}
  m_PrefabAsset: {fileID: 0}
  serializedVersion: 6
  m_Component:
  - component: {fileID: 5977207023620585384}
  m_Layer: 0
  m_Name: left_foot_end
  m_TagString: Untagged
  m_Icon: {fileID: 0}
  m_NavMeshLayer: 0
  m_StaticEditorFlags: 0
  m_IsActive: 1
--- !u!4 &5977207023620585384
Transform:
  m_ObjectHideFlags: 0
  m_CorrespondingSourceObject: {fileID: 0}
  m_PrefabInstance: {fileID: 0}
  m_PrefabAsset: {fileID: 0}
  m_GameObject: {fileID: 4097203835221675803}
  m_LocalRotation: {x: -0, y: -0.7071068, z: 0, w: 0.7071068}
  m_LocalPosition: {x: -0.19310385, y: 0.038730294, z: -0.0036337492}
  m_LocalScale: {x: 1, y: 1, z: 1}
  m_Children: []
  m_Father: {fileID: 8094050506811680242}
  m_RootOrder: 0
  m_LocalEulerAnglesHint: {x: 0, y: 0, z: 0}
--- !u!1 &4432423153078337908
GameObject:
  m_ObjectHideFlags: 0
  m_CorrespondingSourceObject: {fileID: 0}
  m_PrefabInstance: {fileID: 0}
  m_PrefabAsset: {fileID: 0}
  serializedVersion: 6
  m_Component:
  - component: {fileID: 1654032988109098775}
  m_Layer: 0
  m_Name: left_thumb_2
  m_TagString: Untagged
  m_Icon: {fileID: 0}
  m_NavMeshLayer: 0
  m_StaticEditorFlags: 0
  m_IsActive: 1
--- !u!4 &1654032988109098775
Transform:
  m_ObjectHideFlags: 0
  m_CorrespondingSourceObject: {fileID: 0}
  m_PrefabInstance: {fileID: 0}
  m_PrefabAsset: {fileID: 0}
  m_GameObject: {fileID: 4432423153078337908}
  m_LocalRotation: {x: 0, y: -0.02896484, z: -0, w: 0.99958044}
  m_LocalPosition: {x: -0.0446728, y: -0.026530711, z: -0.0010072198}
  m_LocalScale: {x: 1, y: 1, z: 1}
  m_Children: []
  m_Father: {fileID: 5701235584571537529}
  m_RootOrder: 0
  m_LocalEulerAnglesHint: {x: 0, y: 0, z: 0}
--- !u!1 &4525607549173667102
GameObject:
  m_ObjectHideFlags: 0
  m_CorrespondingSourceObject: {fileID: 0}
  m_PrefabInstance: {fileID: 0}
  m_PrefabAsset: {fileID: 0}
  serializedVersion: 6
  m_Component:
  - component: {fileID: 1699639650276174348}
  m_Layer: 0
  m_Name: hip
  m_TagString: Untagged
  m_Icon: {fileID: 0}
  m_NavMeshLayer: 0
  m_StaticEditorFlags: 0
  m_IsActive: 1
--- !u!4 &1699639650276174348
Transform:
  m_ObjectHideFlags: 0
  m_CorrespondingSourceObject: {fileID: 0}
  m_PrefabInstance: {fileID: 0}
  m_PrefabAsset: {fileID: 0}
  m_GameObject: {fileID: 4525607549173667102}
  m_LocalRotation: {x: 0.49472862, y: -0.5052164, z: -0.49472862, w: 0.5052164}
  m_LocalPosition: {x: -6.932736e-34, y: 0.77752227, z: -0.000084166226}
  m_LocalScale: {x: 1, y: 1, z: 1}
  m_Children:
  - {fileID: 4199152932070484964}
  - {fileID: 1605740018293872868}
  - {fileID: 8255386183150489640}
  m_Father: {fileID: 7892314597840370950}
  m_RootOrder: 1
  m_LocalEulerAnglesHint: {x: 0, y: 0, z: 0}
--- !u!1 &4667376812224559204
GameObject:
  m_ObjectHideFlags: 0
  m_CorrespondingSourceObject: {fileID: 0}
  m_PrefabInstance: {fileID: 0}
  m_PrefabAsset: {fileID: 0}
  serializedVersion: 6
  m_Component:
  - component: {fileID: 3922132418691182744}
  m_Layer: 0
  m_Name: right_middle_2
  m_TagString: Untagged
  m_Icon: {fileID: 0}
  m_NavMeshLayer: 0
  m_StaticEditorFlags: 0
  m_IsActive: 1
--- !u!4 &3922132418691182744
Transform:
  m_ObjectHideFlags: 0
  m_CorrespondingSourceObject: {fileID: 0}
  m_PrefabInstance: {fileID: 0}
  m_PrefabAsset: {fileID: 0}
  m_GameObject: {fileID: 4667376812224559204}
  m_LocalRotation: {x: 0, y: 0.0032022912, z: -0, w: 0.9999949}
  m_LocalPosition: {x: 0.06341467, y: 0.055194996, z: 0.00067603745}
  m_LocalScale: {x: 1, y: 1, z: 1}
  m_Children:
  - {fileID: 7087575068457442987}
  m_Father: {fileID: 5077869541023367630}
  m_RootOrder: 0
  m_LocalEulerAnglesHint: {x: 0, y: 0, z: 0}
--- !u!1 &4714472548688261226
GameObject:
  m_ObjectHideFlags: 0
  m_CorrespondingSourceObject: {fileID: 0}
  m_PrefabInstance: {fileID: 0}
  m_PrefabAsset: {fileID: 0}
  serializedVersion: 6
  m_Component:
  - component: {fileID: 5164368546380956374}
  m_Layer: 0
  m_Name: right_foot_end
  m_TagString: Untagged
  m_Icon: {fileID: 0}
  m_NavMeshLayer: 0
  m_StaticEditorFlags: 0
  m_IsActive: 1
--- !u!4 &5164368546380956374
Transform:
  m_ObjectHideFlags: 0
  m_CorrespondingSourceObject: {fileID: 0}
  m_PrefabInstance: {fileID: 0}
  m_PrefabAsset: {fileID: 0}
  m_GameObject: {fileID: 4714472548688261226}
  m_LocalRotation: {x: -0, y: -0.7071068, z: 0, w: 0.7071068}
  m_LocalPosition: {x: 0.1931041, y: -0.038730375, z: 0.0036335245}
  m_LocalScale: {x: 1, y: 1, z: 1}
  m_Children: []
  m_Father: {fileID: 5135927252284882371}
  m_RootOrder: 0
  m_LocalEulerAnglesHint: {x: 0, y: 0, z: 0}
--- !u!1 &4824440482418751901
GameObject:
  m_ObjectHideFlags: 0
  m_CorrespondingSourceObject: {fileID: 0}
  m_PrefabInstance: {fileID: 0}
  m_PrefabAsset: {fileID: 0}
  serializedVersion: 6
  m_Component:
  - component: {fileID: 7087575068457442987}
  m_Layer: 0
  m_Name: right_middle_3
  m_TagString: Untagged
  m_Icon: {fileID: 0}
  m_NavMeshLayer: 0
  m_StaticEditorFlags: 0
  m_IsActive: 1
--- !u!4 &7087575068457442987
Transform:
  m_ObjectHideFlags: 0
  m_CorrespondingSourceObject: {fileID: 0}
  m_PrefabInstance: {fileID: 0}
  m_PrefabAsset: {fileID: 0}
  m_GameObject: {fileID: 4824440482418751901}
  m_LocalRotation: {x: 0, y: -0.01603132, z: -0, w: 0.9998715}
  m_LocalPosition: {x: 0.039897576, y: 0.049321998, z: 0.0025344812}
  m_LocalScale: {x: 1, y: 1, z: 1}
  m_Children: []
  m_Father: {fileID: 3922132418691182744}
  m_RootOrder: 0
  m_LocalEulerAnglesHint: {x: 0, y: 0, z: 0}
--- !u!1 &4894970260186035515
GameObject:
  m_ObjectHideFlags: 0
  m_CorrespondingSourceObject: {fileID: 0}
  m_PrefabInstance: {fileID: 0}
  m_PrefabAsset: {fileID: 0}
  serializedVersion: 6
  m_Component:
  - component: {fileID: 8933188178527129753}
  m_Layer: 0
  m_Name: right_index_1
  m_TagString: Untagged
  m_Icon: {fileID: 0}
  m_NavMeshLayer: 0
  m_StaticEditorFlags: 0
  m_IsActive: 1
--- !u!4 &8933188178527129753
Transform:
  m_ObjectHideFlags: 0
  m_CorrespondingSourceObject: {fileID: 0}
  m_PrefabInstance: {fileID: 0}
  m_PrefabAsset: {fileID: 0}
  m_GameObject: {fileID: 4894970260186035515}
  m_LocalRotation: {x: 0, y: 0.017333224, z: -0, w: 0.9998498}
  m_LocalPosition: {x: 0.074277, y: 0.021071, z: -0.0925786}
  m_LocalScale: {x: 1, y: 1, z: 1}
  m_Children:
  - {fileID: 1988157065199282319}
  m_Father: {fileID: 8784746192491241988}
  m_RootOrder: 0
  m_LocalEulerAnglesHint: {x: 0, y: 0, z: 0}
--- !u!1 &5009142205277393251
GameObject:
  m_ObjectHideFlags: 0
  m_CorrespondingSourceObject: {fileID: 0}
  m_PrefabInstance: {fileID: 0}
  m_PrefabAsset: {fileID: 0}
  serializedVersion: 6
  m_Component:
  - component: {fileID: 8182573110394543643}
  m_Layer: 0
  m_Name: right_little_1
  m_TagString: Untagged
  m_Icon: {fileID: 0}
  m_NavMeshLayer: 0
  m_StaticEditorFlags: 0
  m_IsActive: 1
--- !u!4 &8182573110394543643
Transform:
  m_ObjectHideFlags: 0
  m_CorrespondingSourceObject: {fileID: 0}
  m_PrefabInstance: {fileID: 0}
  m_PrefabAsset: {fileID: 0}
  m_GameObject: {fileID: 5009142205277393251}
  m_LocalRotation: {x: 0, y: 0.017333224, z: -0, w: 0.9998498}
  m_LocalPosition: {x: 0.082812995, y: 0.013309, z: 0.08855809}
  m_LocalScale: {x: 1, y: 1, z: 1}
  m_Children:
  - {fileID: 4529371701191155365}
  m_Father: {fileID: 8784746192491241988}
  m_RootOrder: 1
  m_LocalEulerAnglesHint: {x: 0, y: 0, z: 0}
--- !u!1 &5108042873712457195
GameObject:
  m_ObjectHideFlags: 0
  m_CorrespondingSourceObject: {fileID: 0}
  m_PrefabInstance: {fileID: 0}
  m_PrefabAsset: {fileID: 0}
  serializedVersion: 6
  m_Component:
  - component: {fileID: 4199152932070484964}
  m_Layer: 0
  m_Name: body
  m_TagString: Untagged
  m_Icon: {fileID: 0}
  m_NavMeshLayer: 0
  m_StaticEditorFlags: 0
  m_IsActive: 1
--- !u!4 &4199152932070484964
Transform:
  m_ObjectHideFlags: 0
  m_CorrespondingSourceObject: {fileID: 0}
  m_PrefabInstance: {fileID: 0}
  m_PrefabAsset: {fileID: 0}
  m_GameObject: {fileID: 5108042873712457195}
  m_LocalRotation: {x: -1.110223e-16, y: -5.551115e-17, z: 0.0019472732, w: 0.9999981}
  m_LocalPosition: {x: -0.16320364, y: -0.015327507, z: -4.4507184e-17}
  m_LocalScale: {x: 1, y: 1, z: 1}
  m_Children:
  - {fileID: 2284499450351308404}
  m_Father: {fileID: 1699639650276174348}
  m_RootOrder: 0
  m_LocalEulerAnglesHint: {x: 0, y: 0, z: 0}
--- !u!1 &5383732373692415077
GameObject:
  m_ObjectHideFlags: 0
  m_CorrespondingSourceObject: {fileID: 0}
  m_PrefabInstance: {fileID: 0}
  m_PrefabAsset: {fileID: 0}
  serializedVersion: 6
  m_Component:
  - component: {fileID: 1909223811449467039}
  m_Layer: 0
  m_Name: left_index_3
  m_TagString: Untagged
  m_Icon: {fileID: 0}
  m_NavMeshLayer: 0
  m_StaticEditorFlags: 0
  m_IsActive: 1
--- !u!4 &1909223811449467039
Transform:
  m_ObjectHideFlags: 0
  m_CorrespondingSourceObject: {fileID: 0}
  m_PrefabInstance: {fileID: 0}
  m_PrefabAsset: {fileID: 0}
  m_GameObject: {fileID: 5383732373692415077}
  m_LocalRotation: {x: 0, y: -0.01603132, z: -0, w: 0.9998715}
  m_LocalPosition: {x: -0.045299824, y: -0.053424124, z: 0.006574533}
  m_LocalScale: {x: 1, y: 1, z: 1}
  m_Children: []
  m_Father: {fileID: 1252010280061362645}
  m_RootOrder: 0
  m_LocalEulerAnglesHint: {x: 0, y: 0, z: 0}
--- !u!1 &5520581008628395783
GameObject:
  m_ObjectHideFlags: 0
  m_CorrespondingSourceObject: {fileID: 0}
  m_PrefabInstance: {fileID: 0}
  m_PrefabAsset: {fileID: 0}
  serializedVersion: 6
  m_Component:
  - component: {fileID: 3579799471921050279}
  m_Layer: 0
  m_Name: left_middle_3
  m_TagString: Untagged
  m_Icon: {fileID: 0}
  m_NavMeshLayer: 0
  m_StaticEditorFlags: 0
  m_IsActive: 1
--- !u!4 &3579799471921050279
Transform:
  m_ObjectHideFlags: 0
  m_CorrespondingSourceObject: {fileID: 0}
  m_PrefabInstance: {fileID: 0}
  m_PrefabAsset: {fileID: 0}
  m_GameObject: {fileID: 5520581008628395783}
  m_LocalRotation: {x: 0, y: -0.01603132, z: -0, w: 0.9998715}
  m_LocalPosition: {x: -0.03989797, y: -0.04932114, z: -0.0025344982}
  m_LocalScale: {x: 1, y: 1, z: 1}
  m_Children: []
  m_Father: {fileID: 8717292078940799488}
  m_RootOrder: 0
  m_LocalEulerAnglesHint: {x: 0, y: 0, z: 0}
--- !u!1 &5586434480089637316
GameObject:
  m_ObjectHideFlags: 0
  m_CorrespondingSourceObject: {fileID: 0}
  m_PrefabInstance: {fileID: 0}
  m_PrefabAsset: {fileID: 0}
  serializedVersion: 6
  m_Component:
  - component: {fileID: 611353125354886475}
  m_Layer: 0
  m_Name: neck
  m_TagString: Untagged
  m_Icon: {fileID: 0}
  m_NavMeshLayer: 0
  m_StaticEditorFlags: 0
  m_IsActive: 1
--- !u!4 &611353125354886475
Transform:
  m_ObjectHideFlags: 0
  m_CorrespondingSourceObject: {fileID: 0}
  m_PrefabInstance: {fileID: 0}
  m_PrefabAsset: {fileID: 0}
  m_GameObject: {fileID: 5586434480089637316}
  m_LocalRotation: {x: 0.9996785, y: -0.025356228, z: -2.4291767e-13, w: 9.577539e-12}
  m_LocalPosition: {x: -0.15148853, y: -0.016389092, z: -2.442165e-10}
  m_LocalScale: {x: 1, y: 1, z: 1}
  m_Children:
  - {fileID: 5934125410237730468}
  m_Father: {fileID: 2284499450351308404}
  m_RootOrder: 2
  m_LocalEulerAnglesHint: {x: 0, y: 0, z: 0}
--- !u!1 &5764198420912754779
GameObject:
  m_ObjectHideFlags: 0
  m_CorrespondingSourceObject: {fileID: 0}
  m_PrefabInstance: {fileID: 0}
  m_PrefabAsset: {fileID: 0}
  serializedVersion: 6
  m_Component:
  - component: {fileID: 4614885583032093985}
  m_Layer: 0
  m_Name: right_arm
  m_TagString: Untagged
  m_Icon: {fileID: 0}
  m_NavMeshLayer: 0
  m_StaticEditorFlags: 0
  m_IsActive: 1
--- !u!4 &4614885583032093985
Transform:
  m_ObjectHideFlags: 0
  m_CorrespondingSourceObject: {fileID: 0}
  m_PrefabInstance: {fileID: 0}
  m_PrefabAsset: {fileID: 0}
  m_GameObject: {fileID: 5764198420912754779}
  m_LocalRotation: {x: 0, y: -0, z: -0.24780147, w: 0.96881086}
  m_LocalPosition: {x: 0.0893848, y: -0.0061078193, z: 0.01515871}
  m_LocalScale: {x: 1, y: 1, z: 1}
  m_Children:
  - {fileID: 7273424730676559603}
  m_Father: {fileID: 151223945228013460}
  m_RootOrder: 0
  m_LocalEulerAnglesHint: {x: 0, y: 0, z: 0}
--- !u!1 &5868801141348865456
GameObject:
  m_ObjectHideFlags: 0
  m_CorrespondingSourceObject: {fileID: 0}
  m_PrefabInstance: {fileID: 0}
  m_PrefabAsset: {fileID: 0}
  serializedVersion: 6
  m_Component:
  - component: {fileID: 5077869541023367630}
  m_Layer: 0
  m_Name: right_middle_1
  m_TagString: Untagged
  m_Icon: {fileID: 0}
  m_NavMeshLayer: 0
  m_StaticEditorFlags: 0
  m_IsActive: 1
--- !u!4 &5077869541023367630
Transform:
  m_ObjectHideFlags: 0
  m_CorrespondingSourceObject: {fileID: 0}
  m_PrefabInstance: {fileID: 0}
  m_PrefabAsset: {fileID: 0}
  m_GameObject: {fileID: 5868801141348865456}
  m_LocalRotation: {x: 0, y: 0.017333224, z: -0, w: 0.9998498}
  m_LocalPosition: {x: 0.101063, y: 0.0031229998, z: -0.0084334}
  m_LocalScale: {x: 1, y: 1, z: 1}
  m_Children:
  - {fileID: 3922132418691182744}
  m_Father: {fileID: 8784746192491241988}
  m_RootOrder: 2
  m_LocalEulerAnglesHint: {x: 0, y: 0, z: 0}
--- !u!1 &5919527168336339591
GameObject:
  m_ObjectHideFlags: 0
  m_CorrespondingSourceObject: {fileID: 0}
  m_PrefabInstance: {fileID: 0}
  m_PrefabAsset: {fileID: 0}
  serializedVersion: 6
  m_Component:
  - component: {fileID: 4397419974492808230}
  - component: {fileID: 8368011071493408645}
  m_Layer: 0
  m_Name: Engy
  m_TagString: Untagged
  m_Icon: {fileID: 0}
  m_NavMeshLayer: 0
  m_StaticEditorFlags: 0
  m_IsActive: 1
--- !u!4 &4397419974492808230
Transform:
  m_ObjectHideFlags: 0
  m_CorrespondingSourceObject: {fileID: 0}
  m_PrefabInstance: {fileID: 0}
  m_PrefabAsset: {fileID: 0}
  m_GameObject: {fileID: 5919527168336339591}
  m_LocalRotation: {x: -0.7071068, y: 0, z: -0, w: 0.7071068}
  m_LocalPosition: {x: -0, y: 0, z: 0}
  m_LocalScale: {x: 0.17, y: 0.17, z: 0.17}
  m_Children: []
  m_Father: {fileID: 7892314597840370950}
  m_RootOrder: 0
  m_LocalEulerAnglesHint: {x: 0, y: 0, z: 0}
--- !u!137 &8368011071493408645
SkinnedMeshRenderer:
  m_ObjectHideFlags: 0
  m_CorrespondingSourceObject: {fileID: 0}
  m_PrefabInstance: {fileID: 0}
  m_PrefabAsset: {fileID: 0}
  m_GameObject: {fileID: 5919527168336339591}
  m_Enabled: 1
  m_CastShadows: 1
  m_ReceiveShadows: 1
  m_DynamicOccludee: 1
  m_MotionVectors: 1
  m_LightProbeUsage: 1
  m_ReflectionProbeUsage: 1
  m_RayTracingMode: 3
  m_RayTraceProcedural: 0
  m_RenderingLayerMask: 1
  m_RendererPriority: 0
  m_Materials:
  - {fileID: 2100000, guid: 59536b8250b15f84fbba0c8c512ccd2e, type: 2}
  m_StaticBatchInfo:
    firstSubMesh: 0
    subMeshCount: 0
  m_StaticBatchRoot: {fileID: 0}
  m_ProbeAnchor: {fileID: 0}
  m_LightProbeVolumeOverride: {fileID: 0}
  m_ScaleInLightmap: 1
  m_ReceiveGI: 1
  m_PreserveUVs: 0
  m_IgnoreNormalsForChartDetection: 0
  m_ImportantGI: 0
  m_StitchLightmapSeams: 1
  m_SelectedEditorRenderState: 3
  m_MinimumChartSize: 4
  m_AutoUVMaxDistance: 0.5
  m_AutoUVMaxAngle: 89
  m_LightmapParameters: {fileID: 0}
  m_SortingLayerID: 0
  m_SortingLayer: 0
  m_SortingOrder: 0
  serializedVersion: 2
  m_Quality: 0
  m_UpdateWhenOffscreen: 0
  m_SkinnedMotionVectors: 1
  m_Mesh: {fileID: -1588647422237040299, guid: a283f95ed93551e48bfec3df63b92f5e, type: 3}
  m_Bones:
  - {fileID: 1699639650276174348}
  - {fileID: 4199152932070484964}
  - {fileID: 2284499450351308404}
  - {fileID: 611353125354886475}
  - {fileID: 5934125410237730468}
  - {fileID: 3348621473597697719}
  - {fileID: 8567276490231154820}
  - {fileID: 6725137044074282354}
  - {fileID: 2458076476980825781}
  - {fileID: 3484767434217990539}
  - {fileID: 5701235584571537529}
  - {fileID: 1654032988109098775}
  - {fileID: 5458531692583589465}
  - {fileID: 1252010280061362645}
  - {fileID: 1909223811449467039}
  - {fileID: 592579353726785792}
  - {fileID: 8717292078940799488}
  - {fileID: 3579799471921050279}
  - {fileID: 4815606172646570453}
  - {fileID: 6136140499104831679}
  - {fileID: 5359324031731705127}
  - {fileID: 151223945228013460}
  - {fileID: 4614885583032093985}
  - {fileID: 7273424730676559603}
  - {fileID: 7820228196088933543}
  - {fileID: 8784746192491241988}
  - {fileID: 8447749903182372351}
  - {fileID: 8374769940672782832}
  - {fileID: 8933188178527129753}
  - {fileID: 1988157065199282319}
  - {fileID: 4495697786311578172}
  - {fileID: 5077869541023367630}
  - {fileID: 3922132418691182744}
  - {fileID: 7087575068457442987}
  - {fileID: 8182573110394543643}
  - {fileID: 4529371701191155365}
  - {fileID: 8357463343924165601}
  - {fileID: 7768828956068012709}
  - {fileID: 1605740018293872868}
  - {fileID: 8616250204186326381}
  - {fileID: 4873434157835168035}
  - {fileID: 8094050506811680242}
  - {fileID: 5977207023620585384}
  - {fileID: 8255386183150489640}
  - {fileID: 2640027539219964640}
  - {fileID: 2863602392333634822}
  - {fileID: 5135927252284882371}
  - {fileID: 5164368546380956374}
  m_BlendShapeWeights: []
  m_RootBone: {fileID: 1699639650276174348}
  m_AABB:
    m_Center: {x: -0.118009925, y: -0.10228026, z: 0}
    m_Extent: {x: 1.0646182, y: 0.4852968, z: 0.9149157}
  m_DirtyAABB: 0
--- !u!1 &6047682827001679600
GameObject:
  m_ObjectHideFlags: 0
  m_CorrespondingSourceObject: {fileID: 0}
  m_PrefabInstance: {fileID: 0}
  m_PrefabAsset: {fileID: 0}
  serializedVersion: 6
  m_Component:
  - component: {fileID: 3348621473597697719}
  m_Layer: 0
  m_Name: left_shoulder
  m_TagString: Untagged
  m_Icon: {fileID: 0}
  m_NavMeshLayer: 0
  m_StaticEditorFlags: 0
  m_IsActive: 1
--- !u!4 &3348621473597697719
Transform:
  m_ObjectHideFlags: 0
  m_CorrespondingSourceObject: {fileID: 0}
  m_PrefabInstance: {fileID: 0}
  m_PrefabAsset: {fileID: 0}
  m_GameObject: {fileID: 6047682827001679600}
  m_LocalRotation: {x: -0.35095942, y: 0.61386275, z: -0.6026011, w: -0.369962}
  m_LocalPosition: {x: -0.01975266, y: -0.016777571, z: -0.12589179}
  m_LocalScale: {x: 1, y: 1, z: 1}
  m_Children:
  - {fileID: 8567276490231154820}
  m_Father: {fileID: 2284499450351308404}
  m_RootOrder: 1
  m_LocalEulerAnglesHint: {x: 0, y: 0, z: 0}
--- !u!1 &6226617640535343550
GameObject:
  m_ObjectHideFlags: 0
  m_CorrespondingSourceObject: {fileID: 0}
  m_PrefabInstance: {fileID: 0}
  m_PrefabAsset: {fileID: 0}
  serializedVersion: 6
  m_Component:
  - component: {fileID: 4529371701191155365}
  m_Layer: 0
  m_Name: right_little_2
  m_TagString: Untagged
  m_Icon: {fileID: 0}
  m_NavMeshLayer: 0
  m_StaticEditorFlags: 0
  m_IsActive: 1
--- !u!4 &4529371701191155365
Transform:
  m_ObjectHideFlags: 0
  m_CorrespondingSourceObject: {fileID: 0}
  m_PrefabInstance: {fileID: 0}
  m_PrefabAsset: {fileID: 0}
  m_GameObject: {fileID: 6226617640535343550}
  m_LocalRotation: {x: 0, y: 0.0032022912, z: -0, w: 0.9999949}
  m_LocalPosition: {x: 0.04973089, y: 0.031411, z: -0.0010388897}
  m_LocalScale: {x: 1, y: 1, z: 1}
  m_Children:
  - {fileID: 8357463343924165601}
  m_Father: {fileID: 8182573110394543643}
  m_RootOrder: 0
  m_LocalEulerAnglesHint: {x: 0, y: 0, z: 0}
--- !u!1 &6371750656366495989
GameObject:
  m_ObjectHideFlags: 0
  m_CorrespondingSourceObject: {fileID: 0}
  m_PrefabInstance: {fileID: 0}
  m_PrefabAsset: {fileID: 0}
  serializedVersion: 6
  m_Component:
  - component: {fileID: 8616250204186326381}
  m_Layer: 0
  m_Name: left_knee
  m_TagString: Untagged
  m_Icon: {fileID: 0}
  m_NavMeshLayer: 0
  m_StaticEditorFlags: 0
  m_IsActive: 1
--- !u!4 &8616250204186326381
Transform:
  m_ObjectHideFlags: 0
  m_CorrespondingSourceObject: {fileID: 0}
  m_PrefabInstance: {fileID: 0}
  m_PrefabAsset: {fileID: 0}
  m_GameObject: {fileID: 6371750656366495989}
  m_LocalRotation: {x: 0, y: -0, z: -0, w: 1}
  m_LocalPosition: {x: -0.2529951, y: 0.0077057923, z: 0.044993754}
  m_LocalScale: {x: 1, y: 1, z: 1}
  m_Children:
  - {fileID: 4873434157835168035}
  m_Father: {fileID: 1605740018293872868}
  m_RootOrder: 0
  m_LocalEulerAnglesHint: {x: 0, y: 0, z: 0}
--- !u!1 &6467121811228967544
GameObject:
  m_ObjectHideFlags: 0
  m_CorrespondingSourceObject: {fileID: 0}
  m_PrefabInstance: {fileID: 0}
  m_PrefabAsset: {fileID: 0}
  serializedVersion: 6
  m_Component:
  - component: {fileID: 1252010280061362645}
  m_Layer: 0
  m_Name: left_index_2
  m_TagString: Untagged
  m_Icon: {fileID: 0}
  m_NavMeshLayer: 0
  m_StaticEditorFlags: 0
  m_IsActive: 1
--- !u!4 &1252010280061362645
Transform:
  m_ObjectHideFlags: 0
  m_CorrespondingSourceObject: {fileID: 0}
  m_PrefabInstance: {fileID: 0}
  m_PrefabAsset: {fileID: 0}
  m_GameObject: {fileID: 6467121811228967544}
  m_LocalRotation: {x: 0, y: 0.0032022912, z: -0, w: 0.9999949}
  m_LocalPosition: {x: -0.06811089, y: -0.041034233, z: 0.006568863}
  m_LocalScale: {x: 1, y: 1, z: 1}
  m_Children:
  - {fileID: 1909223811449467039}
  m_Father: {fileID: 5458531692583589465}
  m_RootOrder: 0
  m_LocalEulerAnglesHint: {x: 0, y: 0, z: 0}
--- !u!1 &6723519255564642209
GameObject:
  m_ObjectHideFlags: 0
  m_CorrespondingSourceObject: {fileID: 0}
  m_PrefabInstance: {fileID: 0}
  m_PrefabAsset: {fileID: 0}
  serializedVersion: 6
  m_Component:
  - component: {fileID: 592579353726785792}
  m_Layer: 0
  m_Name: left_middle_1
  m_TagString: Untagged
  m_Icon: {fileID: 0}
  m_NavMeshLayer: 0
  m_StaticEditorFlags: 0
  m_IsActive: 1
--- !u!4 &592579353726785792
Transform:
  m_ObjectHideFlags: 0
  m_CorrespondingSourceObject: {fileID: 0}
  m_PrefabInstance: {fileID: 0}
  m_PrefabAsset: {fileID: 0}
  m_GameObject: {fileID: 6723519255564642209}
  m_LocalRotation: {x: 0, y: 0.017333224, z: -0, w: 0.9998498}
  m_LocalPosition: {x: -0.10106356, y: -0.0031229213, z: 0.008433469}
  m_LocalScale: {x: 1, y: 1, z: 1}
  m_Children:
  - {fileID: 8717292078940799488}
  m_Father: {fileID: 3484767434217990539}
  m_RootOrder: 2
  m_LocalEulerAnglesHint: {x: 0, y: 0, z: 0}
--- !u!1 &6973700651597889629
GameObject:
  m_ObjectHideFlags: 0
  m_CorrespondingSourceObject: {fileID: 0}
  m_PrefabInstance: {fileID: 0}
  m_PrefabAsset: {fileID: 0}
  serializedVersion: 6
  m_Component:
  - component: {fileID: 8567276490231154820}
  m_Layer: 0
  m_Name: left_arm
  m_TagString: Untagged
  m_Icon: {fileID: 0}
  m_NavMeshLayer: 0
  m_StaticEditorFlags: 0
  m_IsActive: 1
--- !u!4 &8567276490231154820
Transform:
  m_ObjectHideFlags: 0
  m_CorrespondingSourceObject: {fileID: 0}
  m_PrefabInstance: {fileID: 0}
  m_PrefabAsset: {fileID: 0}
  m_GameObject: {fileID: 6973700651597889629}
  m_LocalRotation: {x: 0, y: -0, z: -0.24780147, w: 0.96881086}
  m_LocalPosition: {x: -0.08938504, y: 0.0061078197, z: -0.01515871}
  m_LocalScale: {x: 1, y: 1, z: 1}
  m_Children:
  - {fileID: 6725137044074282354}
  m_Father: {fileID: 3348621473597697719}
  m_RootOrder: 0
  m_LocalEulerAnglesHint: {x: 0, y: 0, z: 0}
--- !u!1 &7001008115619445598
GameObject:
  m_ObjectHideFlags: 0
  m_CorrespondingSourceObject: {fileID: 0}
  m_PrefabInstance: {fileID: 0}
  m_PrefabAsset: {fileID: 0}
  serializedVersion: 6
  m_Component:
  - component: {fileID: 1988157065199282319}
  m_Layer: 0
  m_Name: right_index_2
  m_TagString: Untagged
  m_Icon: {fileID: 0}
  m_NavMeshLayer: 0
  m_StaticEditorFlags: 0
  m_IsActive: 1
--- !u!4 &1988157065199282319
Transform:
  m_ObjectHideFlags: 0
  m_CorrespondingSourceObject: {fileID: 0}
  m_PrefabInstance: {fileID: 0}
  m_PrefabAsset: {fileID: 0}
  m_GameObject: {fileID: 7001008115619445598}
  m_LocalRotation: {x: 0, y: 0.0032022912, z: -0, w: 0.9999949}
  m_LocalPosition: {x: 0.06811061, y: 0.041033998, z: -0.0065688486}
  m_LocalScale: {x: 1, y: 1, z: 1}
  m_Children:
  - {fileID: 4495697786311578172}
  m_Father: {fileID: 8933188178527129753}
  m_RootOrder: 0
  m_LocalEulerAnglesHint: {x: 0, y: 0, z: 0}
--- !u!1 &7407562544448530364
GameObject:
  m_ObjectHideFlags: 0
  m_CorrespondingSourceObject: {fileID: 0}
  m_PrefabInstance: {fileID: 0}
  m_PrefabAsset: {fileID: 0}
  serializedVersion: 6
  m_Component:
  - component: {fileID: 7892314597840370950}
  - component: {fileID: 7407562544448530367}
  m_Layer: 0
  m_Name: Engy_idle
  m_TagString: Untagged
  m_Icon: {fileID: 0}
  m_NavMeshLayer: 0
  m_StaticEditorFlags: 0
  m_IsActive: 1
--- !u!4 &7892314597840370950
Transform:
  m_ObjectHideFlags: 0
  m_CorrespondingSourceObject: {fileID: 0}
  m_PrefabInstance: {fileID: 0}
  m_PrefabAsset: {fileID: 0}
  m_GameObject: {fileID: 7407562544448530364}
  m_LocalRotation: {x: 0, y: 0, z: 0, w: 1}
  m_LocalPosition: {x: 3.404, y: 0, z: 2.742}
  m_LocalScale: {x: 1, y: 1, z: 1}
  m_Children:
  - {fileID: 4397419974492808230}
  - {fileID: 1699639650276174348}
  m_Father: {fileID: 0}
  m_RootOrder: 0
  m_LocalEulerAnglesHint: {x: 0, y: 0, z: 0}
--- !u!95 &7407562544448530367
Animator:
  serializedVersion: 3
  m_ObjectHideFlags: 0
  m_CorrespondingSourceObject: {fileID: 0}
  m_PrefabInstance: {fileID: 0}
  m_PrefabAsset: {fileID: 0}
  m_GameObject: {fileID: 7407562544448530364}
  m_Enabled: 1
  m_Avatar: {fileID: 0}
  m_Controller: {fileID: 9100000, guid: 9e64a4846769f2948b8465562a092a9f, type: 2}
  m_CullingMode: 0
  m_UpdateMode: 0
  m_ApplyRootMotion: 0
  m_LinearVelocityBlending: 0
  m_WarningMessage: 
  m_HasTransformHierarchy: 1
  m_AllowConstantClipSamplingOptimization: 1
  m_KeepAnimatorControllerStateOnDisable: 0
--- !u!1 &7559461668925312791
GameObject:
  m_ObjectHideFlags: 0
  m_CorrespondingSourceObject: {fileID: 0}
  m_PrefabInstance: {fileID: 0}
  m_PrefabAsset: {fileID: 0}
  serializedVersion: 6
  m_Component:
  - component: {fileID: 5701235584571537529}
  m_Layer: 0
  m_Name: left_thumb_1
  m_TagString: Untagged
  m_Icon: {fileID: 0}
  m_NavMeshLayer: 0
  m_StaticEditorFlags: 0
  m_IsActive: 1
--- !u!4 &5701235584571537529
Transform:
  m_ObjectHideFlags: 0
  m_CorrespondingSourceObject: {fileID: 0}
  m_PrefabInstance: {fileID: 0}
  m_PrefabAsset: {fileID: 0}
  m_GameObject: {fileID: 7559461668925312791}
  m_LocalRotation: {x: 0, y: 0.53995836, z: -0, w: 0.8416918}
  m_LocalPosition: {x: 0.023824932, y: -0.093471386, z: 0.13043343}
  m_LocalScale: {x: 1, y: 1, z: 1}
  m_Children:
  - {fileID: 1654032988109098775}
  m_Father: {fileID: 3484767434217990539}
  m_RootOrder: 3
  m_LocalEulerAnglesHint: {x: 0, y: 0, z: 0}
--- !u!1 &7593106748543940577
GameObject:
  m_ObjectHideFlags: 0
  m_CorrespondingSourceObject: {fileID: 0}
  m_PrefabInstance: {fileID: 0}
  m_PrefabAsset: {fileID: 0}
  serializedVersion: 6
  m_Component:
  - component: {fileID: 5458531692583589465}
  m_Layer: 0
  m_Name: left_index_1
  m_TagString: Untagged
  m_Icon: {fileID: 0}
  m_NavMeshLayer: 0
  m_StaticEditorFlags: 0
  m_IsActive: 1
--- !u!4 &5458531692583589465
Transform:
  m_ObjectHideFlags: 0
  m_CorrespondingSourceObject: {fileID: 0}
  m_PrefabInstance: {fileID: 0}
  m_PrefabAsset: {fileID: 0}
  m_GameObject: {fileID: 7593106748543940577}
  m_LocalRotation: {x: 0, y: 0.017333224, z: -0, w: 0.9998498}
  m_LocalPosition: {x: -0.07427731, y: -0.021070858, z: 0.092578635}
  m_LocalScale: {x: 1, y: 1, z: 1}
  m_Children:
  - {fileID: 1252010280061362645}
  m_Father: {fileID: 3484767434217990539}
  m_RootOrder: 0
  m_LocalEulerAnglesHint: {x: 0, y: 0, z: 0}
--- !u!1 &8166289475832784683
GameObject:
  m_ObjectHideFlags: 0
  m_CorrespondingSourceObject: {fileID: 0}
  m_PrefabInstance: {fileID: 0}
  m_PrefabAsset: {fileID: 0}
  serializedVersion: 6
  m_Component:
  - component: {fileID: 8447749903182372351}
  m_Layer: 0
  m_Name: right_thumb_1
  m_TagString: Untagged
  m_Icon: {fileID: 0}
  m_NavMeshLayer: 0
  m_StaticEditorFlags: 0
  m_IsActive: 1
--- !u!4 &8447749903182372351
Transform:
  m_ObjectHideFlags: 0
  m_CorrespondingSourceObject: {fileID: 0}
  m_PrefabInstance: {fileID: 0}
  m_PrefabAsset: {fileID: 0}
  m_GameObject: {fileID: 8166289475832784683}
  m_LocalRotation: {x: 0, y: 0.53995836, z: -0, w: 0.8416918}
  m_LocalPosition: {x: -0.023825, y: 0.093471, z: -0.1304334}
  m_LocalScale: {x: 1, y: 1, z: 1}
  m_Children:
  - {fileID: 8374769940672782832}
  m_Father: {fileID: 8784746192491241988}
  m_RootOrder: 3
  m_LocalEulerAnglesHint: {x: 0, y: 0, z: 0}
--- !u!1 &8573211532674295591
GameObject:
  m_ObjectHideFlags: 0
  m_CorrespondingSourceObject: {fileID: 0}
  m_PrefabInstance: {fileID: 0}
  m_PrefabAsset: {fileID: 0}
  serializedVersion: 6
  m_Component:
  - component: {fileID: 2640027539219964640}
  m_Layer: 0
  m_Name: right_knee
  m_TagString: Untagged
  m_Icon: {fileID: 0}
  m_NavMeshLayer: 0
  m_StaticEditorFlags: 0
  m_IsActive: 1
--- !u!4 &2640027539219964640
Transform:
  m_ObjectHideFlags: 0
  m_CorrespondingSourceObject: {fileID: 0}
  m_PrefabInstance: {fileID: 0}
  m_PrefabAsset: {fileID: 0}
  m_GameObject: {fileID: 8573211532674295591}
  m_LocalRotation: {x: 1.2380384e-18, y: 1.9187437e-15, z: -3.3220283e-16, w: 1}
  m_LocalPosition: {x: 0.25299442, y: -0.0077051413, z: -0.044993717}
  m_LocalScale: {x: 1, y: 1, z: 1}
  m_Children:
  - {fileID: 2863602392333634822}
  m_Father: {fileID: 8255386183150489640}
  m_RootOrder: 0
  m_LocalEulerAnglesHint: {x: 0, y: 0, z: 0}
--- !u!1 &8709177016052292019
GameObject:
  m_ObjectHideFlags: 0
  m_CorrespondingSourceObject: {fileID: 0}
  m_PrefabInstance: {fileID: 0}
  m_PrefabAsset: {fileID: 0}
  serializedVersion: 6
  m_Component:
  - component: {fileID: 5934125410237730468}
  m_Layer: 0
  m_Name: head
  m_TagString: Untagged
  m_Icon: {fileID: 0}
  m_NavMeshLayer: 0
  m_StaticEditorFlags: 0
  m_IsActive: 1
--- !u!4 &5934125410237730468
Transform:
  m_ObjectHideFlags: 0
  m_CorrespondingSourceObject: {fileID: 0}
  m_PrefabInstance: {fileID: 0}
  m_PrefabAsset: {fileID: 0}
  m_GameObject: {fileID: 8709177016052292019}
  m_LocalRotation: {x: -0.49510685, y: 0.50484574, z: 0.49510685, w: 0.50484574}
  m_LocalPosition: {x: -0.30813378, y: 0.032878336, z: 2.5715138e-10}
  m_LocalScale: {x: 1, y: 1, z: 1}
  m_Children: []
  m_Father: {fileID: 611353125354886475}
  m_RootOrder: 0
  m_LocalEulerAnglesHint: {x: 0, y: 0, z: 0}
--- !u!1 &8940931554627663454
GameObject:
  m_ObjectHideFlags: 0
  m_CorrespondingSourceObject: {fileID: 0}
  m_PrefabInstance: {fileID: 0}
  m_PrefabAsset: {fileID: 0}
  serializedVersion: 6
  m_Component:
  - component: {fileID: 6136140499104831679}
  m_Layer: 0
  m_Name: left_little_2
  m_TagString: Untagged
  m_Icon: {fileID: 0}
  m_NavMeshLayer: 0
  m_StaticEditorFlags: 0
  m_IsActive: 1
--- !u!4 &6136140499104831679
Transform:
  m_ObjectHideFlags: 0
  m_CorrespondingSourceObject: {fileID: 0}
  m_PrefabInstance: {fileID: 0}
  m_PrefabAsset: {fileID: 0}
  m_GameObject: {fileID: 8940931554627663454}
  m_LocalRotation: {x: 0, y: 0.0032022912, z: -0, w: 0.9999949}
  m_LocalPosition: {x: -0.049731076, y: -0.031410284, z: 0.0010385117}
  m_LocalScale: {x: 1, y: 1, z: 1}
  m_Children:
  - {fileID: 5359324031731705127}
  m_Father: {fileID: 4815606172646570453}
  m_RootOrder: 0
  m_LocalEulerAnglesHint: {x: 0, y: 0, z: 0}
--- !u!1 &8981457227650615554
GameObject:
  m_ObjectHideFlags: 0
  m_CorrespondingSourceObject: {fileID: 0}
  m_PrefabInstance: {fileID: 0}
  m_PrefabAsset: {fileID: 0}
  serializedVersion: 6
  m_Component:
  - component: {fileID: 7273424730676559603}
  m_Layer: 0
  m_Name: right_elbow
  m_TagString: Untagged
  m_Icon: {fileID: 0}
  m_NavMeshLayer: 0
  m_StaticEditorFlags: 0
  m_IsActive: 1
--- !u!4 &7273424730676559603
Transform:
  m_ObjectHideFlags: 0
  m_CorrespondingSourceObject: {fileID: 0}
  m_PrefabInstance: {fileID: 0}
  m_PrefabAsset: {fileID: 0}
  m_GameObject: {fileID: 8981457227650615554}
  m_LocalRotation: {x: 0, y: -0, z: -0, w: 1}
  m_LocalPosition: {x: 0.13591899, y: 0.07480999, z: 0.028036999}
  m_LocalScale: {x: 1, y: 1, z: 1}
  m_Children:
  - {fileID: 7820228196088933543}
  m_Father: {fileID: 4614885583032093985}
  m_RootOrder: 0
  m_LocalEulerAnglesHint: {x: 0, y: 0, z: 0}
--- !u!1 &9022358008171222048
GameObject:
  m_ObjectHideFlags: 0
  m_CorrespondingSourceObject: {fileID: 0}
  m_PrefabInstance: {fileID: 0}
  m_PrefabAsset: {fileID: 0}
  serializedVersion: 6
  m_Component:
  - component: {fileID: 8094050506811680242}
  m_Layer: 0
  m_Name: left_foot
  m_TagString: Untagged
  m_Icon: {fileID: 0}
  m_NavMeshLayer: 0
  m_StaticEditorFlags: 0
  m_IsActive: 1
--- !u!4 &8094050506811680242
Transform:
  m_ObjectHideFlags: 0
  m_CorrespondingSourceObject: {fileID: 0}
  m_PrefabInstance: {fileID: 0}
  m_PrefabAsset: {fileID: 0}
  m_GameObject: {fileID: 9022358008171222048}
  m_LocalRotation: {x: 0, y: -0, z: -0.313769, w: 0.94949937}
  m_LocalPosition: {x: -0.19015417, y: -0.06663009, z: 0.0036777356}
  m_LocalScale: {x: 1, y: 1, z: 1}
  m_Children:
  - {fileID: 5977207023620585384}
  m_Father: {fileID: 4873434157835168035}
  m_RootOrder: 0
  m_LocalEulerAnglesHint: {x: 0, y: 0, z: 0}
--- !u!1 &9071937992485235606
GameObject:
  m_ObjectHideFlags: 0
  m_CorrespondingSourceObject: {fileID: 0}
  m_PrefabInstance: {fileID: 0}
  m_PrefabAsset: {fileID: 0}
  serializedVersion: 6
  m_Component:
  - component: {fileID: 2458076476980825781}
  m_Layer: 0
  m_Name: left_wrist
  m_TagString: Untagged
  m_Icon: {fileID: 0}
  m_NavMeshLayer: 0
  m_StaticEditorFlags: 0
  m_IsActive: 1
--- !u!4 &2458076476980825781
Transform:
  m_ObjectHideFlags: 0
  m_CorrespondingSourceObject: {fileID: 0}
  m_PrefabInstance: {fileID: 0}
  m_PrefabAsset: {fileID: 0}
  m_GameObject: {fileID: 9071937992485235606}
  m_LocalRotation: {x: 0, y: -0, z: -0, w: 1}
  m_LocalPosition: {x: -0.23914851, y: -0.119675405, z: 0.0016734062}
  m_LocalScale: {x: 1, y: 1, z: 1}
  m_Children:
  - {fileID: 3484767434217990539}
  m_Father: {fileID: 6725137044074282354}
  m_RootOrder: 0
  m_LocalEulerAnglesHint: {x: 0, y: 0, z: 0}
