%YAML 1.1
%TAG !u! tag:unity3d.com,2011:
--- !u!1 &1363862609358839930
GameObject:
  m_ObjectHideFlags: 0
  m_CorrespondingSourceObject: {fileID: 0}
  m_PrefabInstance: {fileID: 0}
  m_PrefabAsset: {fileID: 0}
  serializedVersion: 6
  m_Component:
  - component: {fileID: 4110971592478842207}
  - component: {fileID: 219583027684013834}
  m_Layer: 0
  m_Name: CenterOfRoom
  m_TagString: Untagged
  m_Icon: {fileID: 0}
  m_NavMeshLayer: 0
  m_StaticEditorFlags: 0
  m_IsActive: 1
--- !u!4 &4110971592478842207
Transform:
  m_ObjectHideFlags: 0
  m_CorrespondingSourceObject: {fileID: 0}
  m_PrefabInstance: {fileID: 0}
  m_PrefabAsset: {fileID: 0}
  m_GameObject: {fileID: 1363862609358839930}
  m_LocalRotation: {x: 0, y: 0, z: 0, w: 1}
  m_LocalPosition: {x: 0, y: 0, z: 0}
  m_LocalScale: {x: 1, y: 1, z: 1}
  m_Children: []
  m_Father: {fileID: 3463751047732768080}
  m_RootOrder: 0
  m_LocalEulerAnglesHint: {x: 0, y: 0, z: 0}
--- !u!114 &219583027684013834
MonoBehaviour:
  m_ObjectHideFlags: 0
  m_CorrespondingSourceObject: {fileID: 0}
  m_PrefabInstance: {fileID: 0}
  m_PrefabAsset: {fileID: 0}
  m_GameObject: {fileID: 1363862609358839930}
  m_Enabled: 1
  m_EditorHideFlags: 0
  m_Script: {fileID: 11500000, guid: 60152de8dadfb0d48bc56171f46a6d9e, type: 3}
  m_Name: 
  m_EditorClassIdentifier: 
  changeX: 1
  x: 4454.075
  changeY: 1
  y: 0.7350156
  changeFOV: 1
  fov: 50
  center: {fileID: 8331842349421125986}
--- !u!1 &1863653886883993322
GameObject:
  m_ObjectHideFlags: 0
  m_CorrespondingSourceObject: {fileID: 0}
  m_PrefabInstance: {fileID: 0}
  m_PrefabAsset: {fileID: 0}
  serializedVersion: 6
  m_Component:
  - component: {fileID: 3802388005146978321}
  - component: {fileID: 6443434934544414830}
  m_Layer: 0
  m_Name: ElectricSwitch
  m_TagString: Untagged
  m_Icon: {fileID: 0}
  m_NavMeshLayer: 0
  m_StaticEditorFlags: 0
  m_IsActive: 0
--- !u!4 &3802388005146978321
Transform:
  m_ObjectHideFlags: 0
  m_CorrespondingSourceObject: {fileID: 0}
  m_PrefabInstance: {fileID: 0}
  m_PrefabAsset: {fileID: 0}
  m_GameObject: {fileID: 1863653886883993322}
  m_LocalRotation: {x: -0, y: -0, z: -0, w: 1}
  m_LocalPosition: {x: 0, y: 0, z: 0}
  m_LocalScale: {x: 1, y: 1, z: 1}
  m_Children: []
  m_Father: {fileID: 3463751047732768080}
  m_RootOrder: 1
  m_LocalEulerAnglesHint: {x: 0, y: 0, z: 0}
--- !u!114 &6443434934544414830
MonoBehaviour:
  m_ObjectHideFlags: 0
  m_CorrespondingSourceObject: {fileID: 0}
  m_PrefabInstance: {fileID: 0}
  m_PrefabAsset: {fileID: 0}
  m_GameObject: {fileID: 1863653886883993322}
  m_Enabled: 1
  m_EditorHideFlags: 0
  m_Script: {fileID: 11500000, guid: 60152de8dadfb0d48bc56171f46a6d9e, type: 3}
  m_Name: 
  m_EditorClassIdentifier: 
  changeX: 0
  x: 4454.075
  changeY: 0
  y: 0.7350156
  changeFOV: 0
  fov: 50
  center: {fileID: 4110971592478842207}
--- !u!1 &2120449097388854113
GameObject:
  m_ObjectHideFlags: 0
  m_CorrespondingSourceObject: {fileID: 0}
  m_PrefabInstance: {fileID: 0}
  m_PrefabAsset: {fileID: 0}
  serializedVersion: 6
  m_Component:
  - component: {fileID: 2825801117409399608}
  m_Layer: 0
  m_Name: MODELSROOM
  m_TagString: Untagged
  m_Icon: {fileID: 0}
  m_NavMeshLayer: 0
  m_StaticEditorFlags: 0
  m_IsActive: 1
--- !u!4 &2825801117409399608
Transform:
  m_ObjectHideFlags: 0
  m_CorrespondingSourceObject: {fileID: 0}
  m_PrefabInstance: {fileID: 0}
  m_PrefabAsset: {fileID: 0}
  m_GameObject: {fileID: 2120449097388854113}
  m_LocalRotation: {x: -0, y: -0, z: -0, w: 1}
  m_LocalPosition: {x: 0, y: 0, z: 0}
  m_LocalScale: {x: 0.7, y: 0.7, z: 0.7}
  m_Children:
  - {fileID: 7299808156937792463}
  - {fileID: 9069991785021977274}
  m_Father: {fileID: 4860318770443370541}
  m_RootOrder: 1
  m_LocalEulerAnglesHint: {x: 0, y: 0, z: 0}
--- !u!1 &2193910612556807852
GameObject:
  m_ObjectHideFlags: 0
  m_CorrespondingSourceObject: {fileID: 0}
  m_PrefabInstance: {fileID: 0}
  m_PrefabAsset: {fileID: 0}
  serializedVersion: 6
  m_Component:
  - component: {fileID: 8331842349421125986}
  m_Layer: 0
  m_Name: CENTERMARKPOINT
  m_TagString: Untagged
  m_Icon: {fileID: 0}
  m_NavMeshLayer: 0
  m_StaticEditorFlags: 0
  m_IsActive: 1
--- !u!4 &8331842349421125986
Transform:
  m_ObjectHideFlags: 0
  m_CorrespondingSourceObject: {fileID: 0}
  m_PrefabInstance: {fileID: 0}
  m_PrefabAsset: {fileID: 0}
  m_GameObject: {fileID: 2193910612556807852}
  m_LocalRotation: {x: -0, y: -0, z: -0, w: 1}
  m_LocalPosition: {x: -0.2, y: 0.543, z: 0.2}
  m_LocalScale: {x: 0.01, y: 0.01, z: 0.01}
  m_Children: []
  m_Father: {fileID: 679363783003489711}
  m_RootOrder: 0
  m_LocalEulerAnglesHint: {x: 0, y: 0, z: 0}
--- !u!1 &2349489221813141742
GameObject:
  m_ObjectHideFlags: 0
  m_CorrespondingSourceObject: {fileID: 0}
  m_PrefabInstance: {fileID: 0}
  m_PrefabAsset: {fileID: 0}
  serializedVersion: 6
  m_Component:
  - component: {fileID: 9069991785021977274}
  m_Layer: 0
  m_Name: GameObject
  m_TagString: Untagged
  m_Icon: {fileID: 0}
  m_NavMeshLayer: 0
  m_StaticEditorFlags: 0
  m_IsActive: 1
--- !u!4 &9069991785021977274
Transform:
  m_ObjectHideFlags: 0
  m_CorrespondingSourceObject: {fileID: 0}
  m_PrefabInstance: {fileID: 0}
  m_PrefabAsset: {fileID: 0}
  m_GameObject: {fileID: 2349489221813141742}
  m_LocalRotation: {x: -0, y: -0, z: -0, w: 1}
  m_LocalPosition: {x: 0, y: 0, z: 0}
  m_LocalScale: {x: 0.3020411, y: 0.3020411, z: 0.3020411}
  m_Children:
  - {fileID: 2290338743076508385}
  - {fileID: 5734378103960173088}
  - {fileID: 7739168161092521880}
  - {fileID: 2430450643686812287}
  - {fileID: 1649920958533925257}
  - {fileID: 7605994809139309769}
  - {fileID: 2345922543640401472}
  - {fileID: 2523749571823164672}
  - {fileID: 1600374576451559580}
  - {fileID: 8260240763215385383}
  - {fileID: 4150651781893065114}
  m_Father: {fileID: 2825801117409399608}
  m_RootOrder: 1
  m_LocalEulerAnglesHint: {x: 0, y: 0, z: 0}
--- !u!1 &3068695168020172722
GameObject:
  m_ObjectHideFlags: 0
  m_CorrespondingSourceObject: {fileID: 0}
  m_PrefabInstance: {fileID: 0}
  m_PrefabAsset: {fileID: 0}
  serializedVersion: 6
  m_Component:
  - component: {fileID: 3463751047732768080}
  m_Layer: 0
  m_Name: VIEW
  m_TagString: Untagged
  m_Icon: {fileID: 0}
  m_NavMeshLayer: 0
  m_StaticEditorFlags: 0
  m_IsActive: 1
--- !u!4 &3463751047732768080
Transform:
  m_ObjectHideFlags: 0
  m_CorrespondingSourceObject: {fileID: 0}
  m_PrefabInstance: {fileID: 0}
  m_PrefabAsset: {fileID: 0}
  m_GameObject: {fileID: 3068695168020172722}
  m_LocalRotation: {x: -0, y: -0, z: -0, w: 1}
  m_LocalPosition: {x: 0, y: 0, z: 0}
  m_LocalScale: {x: 1, y: 1, z: 1}
  m_Children:
  - {fileID: 4110971592478842207}
  - {fileID: 3802388005146978321}
  - {fileID: 5327169711713287182}
  - {fileID: 4406726232240652726}
  - {fileID: 679363783003489711}
  m_Father: {fileID: 4860318770443370541}
  m_RootOrder: 0
  m_LocalEulerAnglesHint: {x: 0, y: 0, z: 0}
--- !u!1 &4668277094927266436
GameObject:
  m_ObjectHideFlags: 0
  m_CorrespondingSourceObject: {fileID: 0}
  m_PrefabInstance: {fileID: 0}
  m_PrefabAsset: {fileID: 0}
  serializedVersion: 6
  m_Component:
  - component: {fileID: 679363783003489711}
  m_Layer: 0
  m_Name: VIEWMARKPOINT
  m_TagString: Untagged
  m_Icon: {fileID: 0}
  m_NavMeshLayer: 0
  m_StaticEditorFlags: 0
  m_IsActive: 1
--- !u!4 &679363783003489711
Transform:
  m_ObjectHideFlags: 0
  m_CorrespondingSourceObject: {fileID: 0}
  m_PrefabInstance: {fileID: 0}
  m_PrefabAsset: {fileID: 0}
  m_GameObject: {fileID: 4668277094927266436}
  m_LocalRotation: {x: -0, y: -0, z: -0, w: 1}
  m_LocalPosition: {x: 0, y: 0, z: 0}
  m_LocalScale: {x: 1, y: 1, z: 1}
  m_Children:
  - {fileID: 8331842349421125986}
  m_Father: {fileID: 3463751047732768080}
  m_RootOrder: 4
  m_LocalEulerAnglesHint: {x: 0, y: 0, z: 0}
--- !u!1 &4880717552794650615
GameObject:
  m_ObjectHideFlags: 0
  m_CorrespondingSourceObject: {fileID: 0}
  m_PrefabInstance: {fileID: 0}
  m_PrefabAsset: {fileID: 0}
  serializedVersion: 6
  m_Component:
  - component: {fileID: 2523749571823164672}
  - component: {fileID: 2873425554599606053}
  - component: {fileID: 5486225433691344943}
  - component: {fileID: 5768118399172928868}
  m_Layer: 0
  m_Name: Cube
  m_TagString: Untagged
  m_Icon: {fileID: 0}
  m_NavMeshLayer: 0
  m_StaticEditorFlags: 0
  m_IsActive: 1
--- !u!4 &2523749571823164672
Transform:
  m_ObjectHideFlags: 0
  m_CorrespondingSourceObject: {fileID: 0}
  m_PrefabInstance: {fileID: 0}
  m_PrefabAsset: {fileID: 0}
  m_GameObject: {fileID: 4880717552794650615}
  m_LocalRotation: {x: 0, y: 0, z: 0, w: 1}
  m_LocalPosition: {x: 1.41, y: 2.695, z: -3.81}
  m_LocalScale: {x: 2.35, y: 0.1, z: 1.5}
  m_Children: []
  m_Father: {fileID: 9069991785021977274}
  m_RootOrder: 7
  m_LocalEulerAnglesHint: {x: 0, y: 0, z: 0}
--- !u!33 &2873425554599606053
MeshFilter:
  m_ObjectHideFlags: 0
  m_CorrespondingSourceObject: {fileID: 0}
  m_PrefabInstance: {fileID: 0}
  m_PrefabAsset: {fileID: 0}
  m_GameObject: {fileID: 4880717552794650615}
  m_Mesh: {fileID: 10202, guid: 0000000000000000e000000000000000, type: 0}
--- !u!23 &5486225433691344943
MeshRenderer:
  m_ObjectHideFlags: 0
  m_CorrespondingSourceObject: {fileID: 0}
  m_PrefabInstance: {fileID: 0}
  m_PrefabAsset: {fileID: 0}
  m_GameObject: {fileID: 4880717552794650615}
  m_Enabled: 1
  m_CastShadows: 1
  m_ReceiveShadows: 1
  m_DynamicOccludee: 1
  m_MotionVectors: 1
  m_LightProbeUsage: 1
  m_ReflectionProbeUsage: 1
  m_RayTracingMode: 2
  m_RayTraceProcedural: 0
  m_RenderingLayerMask: 1
  m_RendererPriority: 0
  m_Materials:
  - {fileID: 2100000, guid: ed113f9879e8e6c4ca8c6bd123f9a6c2, type: 2}
  m_StaticBatchInfo:
    firstSubMesh: 0
    subMeshCount: 0
  m_StaticBatchRoot: {fileID: 0}
  m_ProbeAnchor: {fileID: 0}
  m_LightProbeVolumeOverride: {fileID: 0}
  m_ScaleInLightmap: 1
  m_ReceiveGI: 1
  m_PreserveUVs: 0
  m_IgnoreNormalsForChartDetection: 0
  m_ImportantGI: 0
  m_StitchLightmapSeams: 1
  m_SelectedEditorRenderState: 3
  m_MinimumChartSize: 4
  m_AutoUVMaxDistance: 0.5
  m_AutoUVMaxAngle: 89
  m_LightmapParameters: {fileID: 0}
  m_SortingLayerID: 0
  m_SortingLayer: 0
  m_SortingOrder: 0
  m_AdditionalVertexStreams: {fileID: 0}
--- !u!65 &5768118399172928868
BoxCollider:
  m_ObjectHideFlags: 0
  m_CorrespondingSourceObject: {fileID: 0}
  m_PrefabInstance: {fileID: 0}
  m_PrefabAsset: {fileID: 0}
  m_GameObject: {fileID: 4880717552794650615}
  m_Material: {fileID: 0}
  m_IsTrigger: 0
  m_Enabled: 1
  serializedVersion: 2
  m_Size: {x: 1, y: 1, z: 1}
  m_Center: {x: 0, y: 0, z: 0}
--- !u!1 &6842427321181032358
GameObject:
  m_ObjectHideFlags: 0
  m_CorrespondingSourceObject: {fileID: 0}
  m_PrefabInstance: {fileID: 0}
  m_PrefabAsset: {fileID: 0}
  serializedVersion: 6
  m_Component:
  - component: {fileID: 4406726232240652726}
  - component: {fileID: 8709971812283017458}
  m_Layer: 0
  m_Name: CircuitBreaker
  m_TagString: Untagged
  m_Icon: {fileID: 0}
  m_NavMeshLayer: 0
  m_StaticEditorFlags: 0
  m_IsActive: 0
--- !u!4 &4406726232240652726
Transform:
  m_ObjectHideFlags: 0
  m_CorrespondingSourceObject: {fileID: 0}
  m_PrefabInstance: {fileID: 0}
  m_PrefabAsset: {fileID: 0}
  m_GameObject: {fileID: 6842427321181032358}
  m_LocalRotation: {x: -0, y: -0, z: -0, w: 1}
  m_LocalPosition: {x: 0, y: 0, z: 0}
  m_LocalScale: {x: 1, y: 1, z: 1}
  m_Children: []
  m_Father: {fileID: 3463751047732768080}
  m_RootOrder: 3
  m_LocalEulerAnglesHint: {x: 0, y: 0, z: 0}
--- !u!114 &8709971812283017458
MonoBehaviour:
  m_ObjectHideFlags: 0
  m_CorrespondingSourceObject: {fileID: 0}
  m_PrefabInstance: {fileID: 0}
  m_PrefabAsset: {fileID: 0}
  m_GameObject: {fileID: 6842427321181032358}
  m_Enabled: 1
  m_EditorHideFlags: 0
  m_Script: {fileID: 11500000, guid: 60152de8dadfb0d48bc56171f46a6d9e, type: 3}
  m_Name: 
  m_EditorClassIdentifier: 
  changeX: 0
  x: 4454.075
  changeY: 0
  y: 0.7350156
  changeFOV: 0
  fov: 50
  center: {fileID: 0}
--- !u!1 &7174811201900584251
GameObject:
  m_ObjectHideFlags: 0
  m_CorrespondingSourceObject: {fileID: 0}
  m_PrefabInstance: {fileID: 0}
  m_PrefabAsset: {fileID: 0}
  serializedVersion: 6
  m_Component:
  - component: {fileID: 4860318770443370541}
  - component: {fileID: 186426681191441595}
  - component: {fileID: 5455350937624072371}
  m_Layer: 0
  m_Name: KITCHENROOM_RICECOOKER_3
  m_TagString: Untagged
  m_Icon: {fileID: 0}
  m_NavMeshLayer: 0
  m_StaticEditorFlags: 0
  m_IsActive: 1
--- !u!4 &4860318770443370541
Transform:
  m_ObjectHideFlags: 0
  m_CorrespondingSourceObject: {fileID: 0}
  m_PrefabInstance: {fileID: 0}
  m_PrefabAsset: {fileID: 0}
  m_GameObject: {fileID: 7174811201900584251}
  m_LocalRotation: {x: 0, y: 0, z: 0, w: 1}
  m_LocalPosition: {x: 0, y: 0, z: 0}
  m_LocalScale: {x: 1, y: 1, z: 1}
  m_Children:
  - {fileID: 3463751047732768080}
  - {fileID: 2825801117409399608}
  - {fileID: 3168703369192485457}
  m_Father: {fileID: 0}
  m_RootOrder: 0
  m_LocalEulerAnglesHint: {x: 0, y: 0, z: 0}
--- !u!114 &186426681191441595
MonoBehaviour:
  m_ObjectHideFlags: 0
  m_CorrespondingSourceObject: {fileID: 0}
  m_PrefabInstance: {fileID: 0}
  m_PrefabAsset: {fileID: 0}
  m_GameObject: {fileID: 7174811201900584251}
  m_Enabled: 1
  m_EditorHideFlags: 0
  m_Script: {fileID: 11500000, guid: 582d221b8eb2c3c488f5ec09bc7d860d, type: 3}
  m_Name: 
  m_EditorClassIdentifier: 
  tools:
  - HAND
  - CLOTH
  - WATER
--- !u!114 &5455350937624072371
MonoBehaviour:
  m_ObjectHideFlags: 0
  m_CorrespondingSourceObject: {fileID: 0}
  m_PrefabInstance: {fileID: 0}
  m_PrefabAsset: {fileID: 0}
  m_GameObject: {fileID: 7174811201900584251}
  m_Enabled: 1
  m_EditorHideFlags: 0
  m_Script: {fileID: 11500000, guid: 3a91ffecfb876f44787bc21f47289faf, type: 3}
  m_Name: 
  m_EditorClassIdentifier: 
  view: {fileID: 219583027684013834}
--- !u!1 &7338592733074157457
GameObject:
  m_ObjectHideFlags: 0
  m_CorrespondingSourceObject: {fileID: 0}
  m_PrefabInstance: {fileID: 0}
  m_PrefabAsset: {fileID: 0}
  serializedVersion: 6
  m_Component:
  - component: {fileID: 5327169711713287182}
  - component: {fileID: 1060364498462774468}
  m_Layer: 0
  m_Name: LightTube
  m_TagString: Untagged
  m_Icon: {fileID: 0}
  m_NavMeshLayer: 0
  m_StaticEditorFlags: 0
  m_IsActive: 0
--- !u!4 &5327169711713287182
Transform:
  m_ObjectHideFlags: 0
  m_CorrespondingSourceObject: {fileID: 0}
  m_PrefabInstance: {fileID: 0}
  m_PrefabAsset: {fileID: 0}
  m_GameObject: {fileID: 7338592733074157457}
  m_LocalRotation: {x: -0, y: -0, z: -0, w: 1}
  m_LocalPosition: {x: 0, y: 0, z: 0}
  m_LocalScale: {x: 1, y: 1, z: 1}
  m_Children: []
  m_Father: {fileID: 3463751047732768080}
  m_RootOrder: 2
  m_LocalEulerAnglesHint: {x: 0, y: 0, z: 0}
--- !u!114 &1060364498462774468
MonoBehaviour:
  m_ObjectHideFlags: 0
  m_CorrespondingSourceObject: {fileID: 0}
  m_PrefabInstance: {fileID: 0}
  m_PrefabAsset: {fileID: 0}
  m_GameObject: {fileID: 7338592733074157457}
  m_Enabled: 1
  m_EditorHideFlags: 0
  m_Script: {fileID: 11500000, guid: 60152de8dadfb0d48bc56171f46a6d9e, type: 3}
  m_Name: 
  m_EditorClassIdentifier: 
  changeX: 1
  x: 4467.8413
  changeY: 1
  y: 0.745797
  changeFOV: 1
  fov: 9.735901
  center: {fileID: 0}
--- !u!1001 &604755627945059000
PrefabInstance:
  m_ObjectHideFlags: 0
  serializedVersion: 2
  m_Modification:
    m_TransformParent: {fileID: 4860318770443370541}
    m_Modifications:
    - target: {fileID: 829074968401571772, guid: d21ee3852ae62da439f87a2583ae16e3, type: 3}
      propertyPath: m_Name
      value: RiceCooker3
      objectReference: {fileID: 0}
    - target: {fileID: 2566481033236599017, guid: d21ee3852ae62da439f87a2583ae16e3, type: 3}
      propertyPath: m_RootOrder
      value: 2
      objectReference: {fileID: 0}
    - target: {fileID: 2566481033236599017, guid: d21ee3852ae62da439f87a2583ae16e3, type: 3}
      propertyPath: m_LocalPosition.x
      value: 0.7048
      objectReference: {fileID: 0}
    - target: {fileID: 2566481033236599017, guid: d21ee3852ae62da439f87a2583ae16e3, type: 3}
      propertyPath: m_LocalPosition.y
      value: 0.5807
      objectReference: {fileID: 0}
    - target: {fileID: 2566481033236599017, guid: d21ee3852ae62da439f87a2583ae16e3, type: 3}
      propertyPath: m_LocalPosition.z
      value: -0.258
      objectReference: {fileID: 0}
    - target: {fileID: 2566481033236599017, guid: d21ee3852ae62da439f87a2583ae16e3, type: 3}
      propertyPath: m_LocalRotation.w
      value: 0.7071068
      objectReference: {fileID: 0}
    - target: {fileID: 2566481033236599017, guid: d21ee3852ae62da439f87a2583ae16e3, type: 3}
      propertyPath: m_LocalRotation.x
      value: 0
      objectReference: {fileID: 0}
    - target: {fileID: 2566481033236599017, guid: d21ee3852ae62da439f87a2583ae16e3, type: 3}
      propertyPath: m_LocalRotation.y
      value: -0.7071068
      objectReference: {fileID: 0}
    - target: {fileID: 2566481033236599017, guid: d21ee3852ae62da439f87a2583ae16e3, type: 3}
      propertyPath: m_LocalRotation.z
      value: 0
      objectReference: {fileID: 0}
    - target: {fileID: 2566481033236599017, guid: d21ee3852ae62da439f87a2583ae16e3, type: 3}
      propertyPath: m_LocalEulerAnglesHint.x
      value: 0
      objectReference: {fileID: 0}
    - target: {fileID: 2566481033236599017, guid: d21ee3852ae62da439f87a2583ae16e3, type: 3}
      propertyPath: m_LocalEulerAnglesHint.y
      value: -90
      objectReference: {fileID: 0}
    - target: {fileID: 2566481033236599017, guid: d21ee3852ae62da439f87a2583ae16e3, type: 3}
      propertyPath: m_LocalEulerAnglesHint.z
      value: 0
      objectReference: {fileID: 0}
    m_RemovedComponents: []
  m_SourcePrefab: {fileID: 100100000, guid: d21ee3852ae62da439f87a2583ae16e3, type: 3}
--- !u!4 &3168703369192485457 stripped
Transform:
  m_CorrespondingSourceObject: {fileID: 2566481033236599017, guid: d21ee3852ae62da439f87a2583ae16e3, type: 3}
  m_PrefabInstance: {fileID: 604755627945059000}
  m_PrefabAsset: {fileID: 0}
--- !u!1001 &1601894134806380970
PrefabInstance:
  m_ObjectHideFlags: 0
  serializedVersion: 2
  m_Modification:
    m_TransformParent: {fileID: 9069991785021977274}
    m_Modifications:
    - target: {fileID: 1873117837602322, guid: d4395a033bba949a3bb0008ff4898610, type: 3}
      propertyPath: m_Name
      value: cabinet-kitchen-small
      objectReference: {fileID: 0}
    - target: {fileID: 4149594466066742, guid: d4395a033bba949a3bb0008ff4898610, type: 3}
      propertyPath: m_RootOrder
      value: 8
      objectReference: {fileID: 0}
    - target: {fileID: 4149594466066742, guid: d4395a033bba949a3bb0008ff4898610, type: 3}
      propertyPath: m_LocalScale.x
      value: 2.49
      objectReference: {fileID: 0}
    - target: {fileID: 4149594466066742, guid: d4395a033bba949a3bb0008ff4898610, type: 3}
      propertyPath: m_LocalScale.y
      value: 2.5
      objectReference: {fileID: 0}
    - target: {fileID: 4149594466066742, guid: d4395a033bba949a3bb0008ff4898610, type: 3}
      propertyPath: m_LocalScale.z
      value: 2.5
      objectReference: {fileID: 0}
    - target: {fileID: 4149594466066742, guid: d4395a033bba949a3bb0008ff4898610, type: 3}
      propertyPath: m_LocalPosition.x
      value: -0.23
      objectReference: {fileID: 0}
    - target: {fileID: 4149594466066742, guid: d4395a033bba949a3bb0008ff4898610, type: 3}
      propertyPath: m_LocalPosition.y
      value: 0.45
      objectReference: {fileID: 0}
    - target: {fileID: 4149594466066742, guid: d4395a033bba949a3bb0008ff4898610, type: 3}
      propertyPath: m_LocalPosition.z
      value: -3.81
      objectReference: {fileID: 0}
    - target: {fileID: 4149594466066742, guid: d4395a033bba949a3bb0008ff4898610, type: 3}
      propertyPath: m_LocalRotation.w
      value: 1
      objectReference: {fileID: 0}
    - target: {fileID: 4149594466066742, guid: d4395a033bba949a3bb0008ff4898610, type: 3}
      propertyPath: m_LocalRotation.x
      value: 0
      objectReference: {fileID: 0}
    - target: {fileID: 4149594466066742, guid: d4395a033bba949a3bb0008ff4898610, type: 3}
      propertyPath: m_LocalRotation.y
      value: 0
      objectReference: {fileID: 0}
    - target: {fileID: 4149594466066742, guid: d4395a033bba949a3bb0008ff4898610, type: 3}
      propertyPath: m_LocalRotation.z
      value: 0
      objectReference: {fileID: 0}
    - target: {fileID: 4149594466066742, guid: d4395a033bba949a3bb0008ff4898610, type: 3}
      propertyPath: m_LocalEulerAnglesHint.x
      value: 0
      objectReference: {fileID: 0}
    - target: {fileID: 4149594466066742, guid: d4395a033bba949a3bb0008ff4898610, type: 3}
      propertyPath: m_LocalEulerAnglesHint.y
      value: 0
      objectReference: {fileID: 0}
    - target: {fileID: 4149594466066742, guid: d4395a033bba949a3bb0008ff4898610, type: 3}
      propertyPath: m_LocalEulerAnglesHint.z
      value: 0
      objectReference: {fileID: 0}
    - target: {fileID: 23140457951852756, guid: d4395a033bba949a3bb0008ff4898610, type: 3}
      propertyPath: m_Materials.Array.data[1]
      value: 
      objectReference: {fileID: 2100000, guid: ed113f9879e8e6c4ca8c6bd123f9a6c2, type: 2}
    - target: {fileID: 23140457951852756, guid: d4395a033bba949a3bb0008ff4898610, type: 3}
      propertyPath: m_Materials.Array.data[2]
      value: 
      objectReference: {fileID: 2100000, guid: ed113f9879e8e6c4ca8c6bd123f9a6c2, type: 2}
    - target: {fileID: 65194921123608364, guid: d4395a033bba949a3bb0008ff4898610, type: 3}
      propertyPath: m_Enabled
      value: 0
      objectReference: {fileID: 0}
    m_RemovedComponents: []
  m_SourcePrefab: {fileID: 100100000, guid: d4395a033bba949a3bb0008ff4898610, type: 3}
--- !u!4 &1600374576451559580 stripped
Transform:
  m_CorrespondingSourceObject: {fileID: 4149594466066742, guid: d4395a033bba949a3bb0008ff4898610, type: 3}
  m_PrefabInstance: {fileID: 1601894134806380970}
  m_PrefabAsset: {fileID: 0}
--- !u!1001 &1651427251884808383
PrefabInstance:
  m_ObjectHideFlags: 0
  serializedVersion: 2
  m_Modification:
    m_TransformParent: {fileID: 9069991785021977274}
    m_Modifications:
    - target: {fileID: 1873117837602322, guid: d4395a033bba949a3bb0008ff4898610, type: 3}
      propertyPath: m_Name
      value: cabinet-kitchen-small
      objectReference: {fileID: 0}
    - target: {fileID: 4149594466066742, guid: d4395a033bba949a3bb0008ff4898610, type: 3}
      propertyPath: m_RootOrder
      value: 4
      objectReference: {fileID: 0}
    - target: {fileID: 4149594466066742, guid: d4395a033bba949a3bb0008ff4898610, type: 3}
      propertyPath: m_LocalScale.x
      value: 2.5
      objectReference: {fileID: 0}
    - target: {fileID: 4149594466066742, guid: d4395a033bba949a3bb0008ff4898610, type: 3}
      propertyPath: m_LocalScale.y
      value: 2.5
      objectReference: {fileID: 0}
    - target: {fileID: 4149594466066742, guid: d4395a033bba949a3bb0008ff4898610, type: 3}
      propertyPath: m_LocalScale.z
      value: 2.5
      objectReference: {fileID: 0}
    - target: {fileID: 4149594466066742, guid: d4395a033bba949a3bb0008ff4898610, type: 3}
      propertyPath: m_LocalPosition.x
      value: 3.7809997
      objectReference: {fileID: 0}
    - target: {fileID: 4149594466066742, guid: d4395a033bba949a3bb0008ff4898610, type: 3}
      propertyPath: m_LocalPosition.y
      value: 0.45
      objectReference: {fileID: 0}
    - target: {fileID: 4149594466066742, guid: d4395a033bba949a3bb0008ff4898610, type: 3}
      propertyPath: m_LocalPosition.z
      value: 3.98
      objectReference: {fileID: 0}
    - target: {fileID: 4149594466066742, guid: d4395a033bba949a3bb0008ff4898610, type: 3}
      propertyPath: m_LocalRotation.w
      value: 0.7071068
      objectReference: {fileID: 0}
    - target: {fileID: 4149594466066742, guid: d4395a033bba949a3bb0008ff4898610, type: 3}
      propertyPath: m_LocalRotation.x
      value: 0
      objectReference: {fileID: 0}
    - target: {fileID: 4149594466066742, guid: d4395a033bba949a3bb0008ff4898610, type: 3}
      propertyPath: m_LocalRotation.y
      value: -0.7071068
      objectReference: {fileID: 0}
    - target: {fileID: 4149594466066742, guid: d4395a033bba949a3bb0008ff4898610, type: 3}
      propertyPath: m_LocalRotation.z
      value: 0
      objectReference: {fileID: 0}
    - target: {fileID: 4149594466066742, guid: d4395a033bba949a3bb0008ff4898610, type: 3}
      propertyPath: m_LocalEulerAnglesHint.x
      value: 0
      objectReference: {fileID: 0}
    - target: {fileID: 4149594466066742, guid: d4395a033bba949a3bb0008ff4898610, type: 3}
      propertyPath: m_LocalEulerAnglesHint.y
      value: -90
      objectReference: {fileID: 0}
    - target: {fileID: 4149594466066742, guid: d4395a033bba949a3bb0008ff4898610, type: 3}
      propertyPath: m_LocalEulerAnglesHint.z
      value: 0
      objectReference: {fileID: 0}
    - target: {fileID: 23140457951852756, guid: d4395a033bba949a3bb0008ff4898610, type: 3}
      propertyPath: m_Materials.Array.data[1]
      value: 
      objectReference: {fileID: 2100000, guid: ed113f9879e8e6c4ca8c6bd123f9a6c2, type: 2}
    - target: {fileID: 23140457951852756, guid: d4395a033bba949a3bb0008ff4898610, type: 3}
      propertyPath: m_Materials.Array.data[2]
      value: 
      objectReference: {fileID: 2100000, guid: ed113f9879e8e6c4ca8c6bd123f9a6c2, type: 2}
    - target: {fileID: 65194921123608364, guid: d4395a033bba949a3bb0008ff4898610, type: 3}
      propertyPath: m_Enabled
      value: 0
      objectReference: {fileID: 0}
    m_RemovedComponents: []
  m_SourcePrefab: {fileID: 100100000, guid: d4395a033bba949a3bb0008ff4898610, type: 3}
--- !u!4 &1649920958533925257 stripped
Transform:
  m_CorrespondingSourceObject: {fileID: 4149594466066742, guid: d4395a033bba949a3bb0008ff4898610, type: 3}
  m_PrefabInstance: {fileID: 1651427251884808383}
  m_PrefabAsset: {fileID: 0}
--- !u!1001 &2294764779791563477
PrefabInstance:
  m_ObjectHideFlags: 0
  serializedVersion: 2
  m_Modification:
    m_TransformParent: {fileID: 9069991785021977274}
    m_Modifications:
    - target: {fileID: 1927667922535328, guid: 8210abb7e902443599d26692fe7e9fb7, type: 3}
      propertyPath: m_Name
      value: dishwasher
      objectReference: {fileID: 0}
    - target: {fileID: 4590027437664308, guid: 8210abb7e902443599d26692fe7e9fb7, type: 3}
      propertyPath: m_RootOrder
      value: 0
      objectReference: {fileID: 0}
    - target: {fileID: 4590027437664308, guid: 8210abb7e902443599d26692fe7e9fb7, type: 3}
      propertyPath: m_LocalScale.x
      value: 2.5
      objectReference: {fileID: 0}
    - target: {fileID: 4590027437664308, guid: 8210abb7e902443599d26692fe7e9fb7, type: 3}
      propertyPath: m_LocalScale.y
      value: 2.5
      objectReference: {fileID: 0}
    - target: {fileID: 4590027437664308, guid: 8210abb7e902443599d26692fe7e9fb7, type: 3}
      propertyPath: m_LocalScale.z
      value: 2.5
      objectReference: {fileID: 0}
    - target: {fileID: 4590027437664308, guid: 8210abb7e902443599d26692fe7e9fb7, type: 3}
      propertyPath: m_LocalPosition.x
      value: 3.7809997
      objectReference: {fileID: 0}
    - target: {fileID: 4590027437664308, guid: 8210abb7e902443599d26692fe7e9fb7, type: 3}
      propertyPath: m_LocalPosition.y
      value: 0.45
      objectReference: {fileID: 0}
    - target: {fileID: 4590027437664308, guid: 8210abb7e902443599d26692fe7e9fb7, type: 3}
      propertyPath: m_LocalPosition.z
      value: -0.4
      objectReference: {fileID: 0}
    - target: {fileID: 4590027437664308, guid: 8210abb7e902443599d26692fe7e9fb7, type: 3}
      propertyPath: m_LocalRotation.w
      value: 0.7071302
      objectReference: {fileID: 0}
    - target: {fileID: 4590027437664308, guid: 8210abb7e902443599d26692fe7e9fb7, type: 3}
      propertyPath: m_LocalRotation.x
      value: -0
      objectReference: {fileID: 0}
    - target: {fileID: 4590027437664308, guid: 8210abb7e902443599d26692fe7e9fb7, type: 3}
      propertyPath: m_LocalRotation.y
      value: -0.7070834
      objectReference: {fileID: 0}
    - target: {fileID: 4590027437664308, guid: 8210abb7e902443599d26692fe7e9fb7, type: 3}
      propertyPath: m_LocalRotation.z
      value: -0
      objectReference: {fileID: 0}
    - target: {fileID: 4590027437664308, guid: 8210abb7e902443599d26692fe7e9fb7, type: 3}
      propertyPath: m_LocalEulerAnglesHint.x
      value: 0
      objectReference: {fileID: 0}
    - target: {fileID: 4590027437664308, guid: 8210abb7e902443599d26692fe7e9fb7, type: 3}
      propertyPath: m_LocalEulerAnglesHint.y
      value: -89.996
      objectReference: {fileID: 0}
    - target: {fileID: 4590027437664308, guid: 8210abb7e902443599d26692fe7e9fb7, type: 3}
      propertyPath: m_LocalEulerAnglesHint.z
      value: 0
      objectReference: {fileID: 0}
    - target: {fileID: 23472468332328326, guid: 8210abb7e902443599d26692fe7e9fb7, type: 3}
      propertyPath: m_Materials.Array.data[0]
      value: 
      objectReference: {fileID: 2100000, guid: ed113f9879e8e6c4ca8c6bd123f9a6c2, type: 2}
    - target: {fileID: 23472468332328326, guid: 8210abb7e902443599d26692fe7e9fb7, type: 3}
      propertyPath: m_Materials.Array.data[2]
      value: 
      objectReference: {fileID: 2100000, guid: ed113f9879e8e6c4ca8c6bd123f9a6c2, type: 2}
    - target: {fileID: 65782963504489416, guid: 8210abb7e902443599d26692fe7e9fb7, type: 3}
      propertyPath: m_Enabled
      value: 0
      objectReference: {fileID: 0}
    m_RemovedComponents: []
  m_SourcePrefab: {fileID: 100100000, guid: 8210abb7e902443599d26692fe7e9fb7, type: 3}
--- !u!4 &2290338743076508385 stripped
Transform:
  m_CorrespondingSourceObject: {fileID: 4590027437664308, guid: 8210abb7e902443599d26692fe7e9fb7, type: 3}
  m_PrefabInstance: {fileID: 2294764779791563477}
  m_PrefabAsset: {fileID: 0}
--- !u!1001 &2342076105938851086
PrefabInstance:
  m_ObjectHideFlags: 0
  serializedVersion: 2
  m_Modification:
    m_TransformParent: {fileID: 9069991785021977274}
    m_Modifications:
    - target: {fileID: 1123737800675848, guid: eaa31823d38274a95afc3a2368feef6b, type: 3}
      propertyPath: m_Name
      value: cabinet-kitchen-large (1)
      objectReference: {fileID: 0}
    - target: {fileID: 4184539243873102, guid: eaa31823d38274a95afc3a2368feef6b, type: 3}
      propertyPath: m_RootOrder
      value: 6
      objectReference: {fileID: 0}
    - target: {fileID: 4184539243873102, guid: eaa31823d38274a95afc3a2368feef6b, type: 3}
      propertyPath: m_LocalScale.x
      value: 1.81
      objectReference: {fileID: 0}
    - target: {fileID: 4184539243873102, guid: eaa31823d38274a95afc3a2368feef6b, type: 3}
      propertyPath: m_LocalScale.y
      value: 2.5
      objectReference: {fileID: 0}
    - target: {fileID: 4184539243873102, guid: eaa31823d38274a95afc3a2368feef6b, type: 3}
      propertyPath: m_LocalScale.z
      value: 2.5
      objectReference: {fileID: 0}
    - target: {fileID: 4184539243873102, guid: eaa31823d38274a95afc3a2368feef6b, type: 3}
      propertyPath: m_LocalPosition.x
      value: 3.47
      objectReference: {fileID: 0}
    - target: {fileID: 4184539243873102, guid: eaa31823d38274a95afc3a2368feef6b, type: 3}
      propertyPath: m_LocalPosition.y
      value: 0.45
      objectReference: {fileID: 0}
    - target: {fileID: 4184539243873102, guid: eaa31823d38274a95afc3a2368feef6b, type: 3}
      propertyPath: m_LocalPosition.z
      value: -3.823
      objectReference: {fileID: 0}
    - target: {fileID: 4184539243873102, guid: eaa31823d38274a95afc3a2368feef6b, type: 3}
      propertyPath: m_LocalRotation.w
      value: 1
      objectReference: {fileID: 0}
    - target: {fileID: 4184539243873102, guid: eaa31823d38274a95afc3a2368feef6b, type: 3}
      propertyPath: m_LocalRotation.x
      value: 0
      objectReference: {fileID: 0}
    - target: {fileID: 4184539243873102, guid: eaa31823d38274a95afc3a2368feef6b, type: 3}
      propertyPath: m_LocalRotation.y
      value: 0
      objectReference: {fileID: 0}
    - target: {fileID: 4184539243873102, guid: eaa31823d38274a95afc3a2368feef6b, type: 3}
      propertyPath: m_LocalRotation.z
      value: 0
      objectReference: {fileID: 0}
    - target: {fileID: 4184539243873102, guid: eaa31823d38274a95afc3a2368feef6b, type: 3}
      propertyPath: m_LocalEulerAnglesHint.x
      value: 0
      objectReference: {fileID: 0}
    - target: {fileID: 4184539243873102, guid: eaa31823d38274a95afc3a2368feef6b, type: 3}
      propertyPath: m_LocalEulerAnglesHint.y
      value: 0
      objectReference: {fileID: 0}
    - target: {fileID: 4184539243873102, guid: eaa31823d38274a95afc3a2368feef6b, type: 3}
      propertyPath: m_LocalEulerAnglesHint.z
      value: 0
      objectReference: {fileID: 0}
    - target: {fileID: 23769935926863600, guid: eaa31823d38274a95afc3a2368feef6b, type: 3}
      propertyPath: m_Materials.Array.data[1]
      value: 
      objectReference: {fileID: 2100000, guid: ed113f9879e8e6c4ca8c6bd123f9a6c2, type: 2}
    - target: {fileID: 65409039638630374, guid: eaa31823d38274a95afc3a2368feef6b, type: 3}
      propertyPath: m_Enabled
      value: 0
      objectReference: {fileID: 0}
    m_RemovedComponents: []
  m_SourcePrefab: {fileID: 100100000, guid: eaa31823d38274a95afc3a2368feef6b, type: 3}
--- !u!4 &2345922543640401472 stripped
Transform:
  m_CorrespondingSourceObject: {fileID: 4184539243873102, guid: eaa31823d38274a95afc3a2368feef6b, type: 3}
  m_PrefabInstance: {fileID: 2342076105938851086}
  m_PrefabAsset: {fileID: 0}
--- !u!1001 &2751708747225042324
PrefabInstance:
  m_ObjectHideFlags: 0
  serializedVersion: 2
  m_Modification:
    m_TransformParent: {fileID: 9069991785021977274}
    m_Modifications:
    - target: {fileID: -8679921383154817045, guid: 769346f2ca673804790b10ae000051e1, type: 3}
      propertyPath: m_RootOrder
      value: 3
      objectReference: {fileID: 0}
    - target: {fileID: -8679921383154817045, guid: 769346f2ca673804790b10ae000051e1, type: 3}
      propertyPath: m_LocalScale.x
      value: 2.5
      objectReference: {fileID: 0}
    - target: {fileID: -8679921383154817045, guid: 769346f2ca673804790b10ae000051e1, type: 3}
      propertyPath: m_LocalScale.y
      value: 2.5
      objectReference: {fileID: 0}
    - target: {fileID: -8679921383154817045, guid: 769346f2ca673804790b10ae000051e1, type: 3}
      propertyPath: m_LocalScale.z
      value: 2.5
      objectReference: {fileID: 0}
    - target: {fileID: -8679921383154817045, guid: 769346f2ca673804790b10ae000051e1, type: 3}
      propertyPath: m_LocalPosition.x
      value: 3.8009996
      objectReference: {fileID: 0}
    - target: {fileID: -8679921383154817045, guid: 769346f2ca673804790b10ae000051e1, type: 3}
      propertyPath: m_LocalPosition.y
      value: 0.45
      objectReference: {fileID: 0}
    - target: {fileID: -8679921383154817045, guid: 769346f2ca673804790b10ae000051e1, type: 3}
      propertyPath: m_LocalPosition.z
      value: 2.65
      objectReference: {fileID: 0}
    - target: {fileID: -8679921383154817045, guid: 769346f2ca673804790b10ae000051e1, type: 3}
      propertyPath: m_LocalRotation.w
      value: 0.7071068
      objectReference: {fileID: 0}
    - target: {fileID: -8679921383154817045, guid: 769346f2ca673804790b10ae000051e1, type: 3}
      propertyPath: m_LocalRotation.x
      value: 0
      objectReference: {fileID: 0}
    - target: {fileID: -8679921383154817045, guid: 769346f2ca673804790b10ae000051e1, type: 3}
      propertyPath: m_LocalRotation.y
      value: -0.7071068
      objectReference: {fileID: 0}
    - target: {fileID: -8679921383154817045, guid: 769346f2ca673804790b10ae000051e1, type: 3}
      propertyPath: m_LocalRotation.z
      value: 0
      objectReference: {fileID: 0}
    - target: {fileID: -8679921383154817045, guid: 769346f2ca673804790b10ae000051e1, type: 3}
      propertyPath: m_LocalEulerAnglesHint.x
      value: 0
      objectReference: {fileID: 0}
    - target: {fileID: -8679921383154817045, guid: 769346f2ca673804790b10ae000051e1, type: 3}
      propertyPath: m_LocalEulerAnglesHint.y
      value: -90
      objectReference: {fileID: 0}
    - target: {fileID: -8679921383154817045, guid: 769346f2ca673804790b10ae000051e1, type: 3}
      propertyPath: m_LocalEulerAnglesHint.z
      value: 0
      objectReference: {fileID: 0}
    - target: {fileID: -7511558181221131132, guid: 769346f2ca673804790b10ae000051e1, type: 3}
      propertyPath: m_Materials.Array.data[0]
      value: 
      objectReference: {fileID: 2100000, guid: 579080bda9f89ee42a5447d6d997e266, type: 2}
    - target: {fileID: -7511558181221131132, guid: 769346f2ca673804790b10ae000051e1, type: 3}
      propertyPath: m_Materials.Array.data[1]
      value: 
      objectReference: {fileID: 2100000, guid: 579080bda9f89ee42a5447d6d997e266, type: 2}
    - target: {fileID: -7511558181221131132, guid: 769346f2ca673804790b10ae000051e1, type: 3}
      propertyPath: m_Materials.Array.data[2]
      value: 
      objectReference: {fileID: 2100000, guid: ed113f9879e8e6c4ca8c6bd123f9a6c2, type: 2}
    - target: {fileID: -7511558181221131132, guid: 769346f2ca673804790b10ae000051e1, type: 3}
      propertyPath: m_Materials.Array.data[3]
      value: 
      objectReference: {fileID: 2100000, guid: 579080bda9f89ee42a5447d6d997e266, type: 2}
    - target: {fileID: -7511558181221131132, guid: 769346f2ca673804790b10ae000051e1, type: 3}
      propertyPath: m_Materials.Array.data[4]
      value: 
      objectReference: {fileID: 2100000, guid: c413883b1f5da43f595f8475353613de, type: 2}
    - target: {fileID: 919132149155446097, guid: 769346f2ca673804790b10ae000051e1, type: 3}
      propertyPath: m_Name
      value: kitchen_sink
      objectReference: {fileID: 0}
    m_RemovedComponents: []
  m_SourcePrefab: {fileID: 100100000, guid: 769346f2ca673804790b10ae000051e1, type: 3}
--- !u!4 &2430450643686812287 stripped
Transform:
  m_CorrespondingSourceObject: {fileID: -8679921383154817045, guid: 769346f2ca673804790b10ae000051e1, type: 3}
  m_PrefabInstance: {fileID: 2751708747225042324}
  m_PrefabAsset: {fileID: 0}
--- !u!1001 &4149132219241769132
PrefabInstance:
  m_ObjectHideFlags: 0
  serializedVersion: 2
  m_Modification:
    m_TransformParent: {fileID: 9069991785021977274}
    m_Modifications:
    - target: {fileID: 1873117837602322, guid: d4395a033bba949a3bb0008ff4898610, type: 3}
      propertyPath: m_Name
      value: cabinet-kitchen-small (1)
      objectReference: {fileID: 0}
    - target: {fileID: 4149594466066742, guid: d4395a033bba949a3bb0008ff4898610, type: 3}
      propertyPath: m_RootOrder
      value: 10
      objectReference: {fileID: 0}
    - target: {fileID: 4149594466066742, guid: d4395a033bba949a3bb0008ff4898610, type: 3}
      propertyPath: m_LocalScale.x
      value: 4
      objectReference: {fileID: 0}
    - target: {fileID: 4149594466066742, guid: d4395a033bba949a3bb0008ff4898610, type: 3}
      propertyPath: m_LocalScale.y
      value: 2.5
      objectReference: {fileID: 0}
    - target: {fileID: 4149594466066742, guid: d4395a033bba949a3bb0008ff4898610, type: 3}
      propertyPath: m_LocalScale.z
      value: 2.5
      objectReference: {fileID: 0}
    - target: {fileID: 4149594466066742, guid: d4395a033bba949a3bb0008ff4898610, type: 3}
      propertyPath: m_LocalPosition.x
      value: 3.7809997
      objectReference: {fileID: 0}
    - target: {fileID: 4149594466066742, guid: d4395a033bba949a3bb0008ff4898610, type: 3}
      propertyPath: m_LocalPosition.y
      value: 0.45
      objectReference: {fileID: 0}
    - target: {fileID: 4149594466066742, guid: d4395a033bba949a3bb0008ff4898610, type: 3}
      propertyPath: m_LocalPosition.z
      value: -1.85
      objectReference: {fileID: 0}
    - target: {fileID: 4149594466066742, guid: d4395a033bba949a3bb0008ff4898610, type: 3}
      propertyPath: m_LocalRotation.w
      value: 0.7071068
      objectReference: {fileID: 0}
    - target: {fileID: 4149594466066742, guid: d4395a033bba949a3bb0008ff4898610, type: 3}
      propertyPath: m_LocalRotation.x
      value: 0
      objectReference: {fileID: 0}
    - target: {fileID: 4149594466066742, guid: d4395a033bba949a3bb0008ff4898610, type: 3}
      propertyPath: m_LocalRotation.y
      value: -0.7071068
      objectReference: {fileID: 0}
    - target: {fileID: 4149594466066742, guid: d4395a033bba949a3bb0008ff4898610, type: 3}
      propertyPath: m_LocalRotation.z
      value: 0
      objectReference: {fileID: 0}
    - target: {fileID: 4149594466066742, guid: d4395a033bba949a3bb0008ff4898610, type: 3}
      propertyPath: m_LocalEulerAnglesHint.x
      value: 0
      objectReference: {fileID: 0}
    - target: {fileID: 4149594466066742, guid: d4395a033bba949a3bb0008ff4898610, type: 3}
      propertyPath: m_LocalEulerAnglesHint.y
      value: -90
      objectReference: {fileID: 0}
    - target: {fileID: 4149594466066742, guid: d4395a033bba949a3bb0008ff4898610, type: 3}
      propertyPath: m_LocalEulerAnglesHint.z
      value: 0
      objectReference: {fileID: 0}
    - target: {fileID: 23140457951852756, guid: d4395a033bba949a3bb0008ff4898610, type: 3}
      propertyPath: m_Materials.Array.data[1]
      value: 
      objectReference: {fileID: 2100000, guid: ed113f9879e8e6c4ca8c6bd123f9a6c2, type: 2}
    - target: {fileID: 23140457951852756, guid: d4395a033bba949a3bb0008ff4898610, type: 3}
      propertyPath: m_Materials.Array.data[2]
      value: 
      objectReference: {fileID: 2100000, guid: ed113f9879e8e6c4ca8c6bd123f9a6c2, type: 2}
    - target: {fileID: 65194921123608364, guid: d4395a033bba949a3bb0008ff4898610, type: 3}
      propertyPath: m_Enabled
      value: 0
      objectReference: {fileID: 0}
    m_RemovedComponents: []
  m_SourcePrefab: {fileID: 100100000, guid: d4395a033bba949a3bb0008ff4898610, type: 3}
--- !u!4 &4150651781893065114 stripped
Transform:
  m_CorrespondingSourceObject: {fileID: 4149594466066742, guid: d4395a033bba949a3bb0008ff4898610, type: 3}
  m_PrefabInstance: {fileID: 4149132219241769132}
  m_PrefabAsset: {fileID: 0}
--- !u!1001 &5736166678379765150
PrefabInstance:
  m_ObjectHideFlags: 0
  serializedVersion: 2
  m_Modification:
    m_TransformParent: {fileID: 9069991785021977274}
    m_Modifications:
    - target: {fileID: 1564133361425200, guid: de81fcf5b96ab4f50855c991af714185, type: 3}
      propertyPath: m_Name
      value: oven
      objectReference: {fileID: 0}
    - target: {fileID: 4063465120524222, guid: de81fcf5b96ab4f50855c991af714185, type: 3}
      propertyPath: m_RootOrder
      value: 1
      objectReference: {fileID: 0}
    - target: {fileID: 4063465120524222, guid: de81fcf5b96ab4f50855c991af714185, type: 3}
      propertyPath: m_LocalScale.x
      value: 2.5
      objectReference: {fileID: 0}
    - target: {fileID: 4063465120524222, guid: de81fcf5b96ab4f50855c991af714185, type: 3}
      propertyPath: m_LocalScale.y
      value: 2.5
      objectReference: {fileID: 0}
    - target: {fileID: 4063465120524222, guid: de81fcf5b96ab4f50855c991af714185, type: 3}
      propertyPath: m_LocalScale.z
      value: 2.5
      objectReference: {fileID: 0}
    - target: {fileID: 4063465120524222, guid: de81fcf5b96ab4f50855c991af714185, type: 3}
      propertyPath: m_LocalPosition.x
      value: 3.7809997
      objectReference: {fileID: 0}
    - target: {fileID: 4063465120524222, guid: de81fcf5b96ab4f50855c991af714185, type: 3}
      propertyPath: m_LocalPosition.y
      value: 0.45
      objectReference: {fileID: 0}
    - target: {fileID: 4063465120524222, guid: de81fcf5b96ab4f50855c991af714185, type: 3}
      propertyPath: m_LocalPosition.z
      value: 1.08
      objectReference: {fileID: 0}
    - target: {fileID: 4063465120524222, guid: de81fcf5b96ab4f50855c991af714185, type: 3}
      propertyPath: m_LocalRotation.w
      value: 0.70710355
      objectReference: {fileID: 0}
    - target: {fileID: 4063465120524222, guid: de81fcf5b96ab4f50855c991af714185, type: 3}
      propertyPath: m_LocalRotation.x
      value: -0
      objectReference: {fileID: 0}
    - target: {fileID: 4063465120524222, guid: de81fcf5b96ab4f50855c991af714185, type: 3}
      propertyPath: m_LocalRotation.y
      value: -0.7071101
      objectReference: {fileID: 0}
    - target: {fileID: 4063465120524222, guid: de81fcf5b96ab4f50855c991af714185, type: 3}
      propertyPath: m_LocalRotation.z
      value: -0
      objectReference: {fileID: 0}
    - target: {fileID: 4063465120524222, guid: de81fcf5b96ab4f50855c991af714185, type: 3}
      propertyPath: m_LocalEulerAnglesHint.x
      value: 0
      objectReference: {fileID: 0}
    - target: {fileID: 4063465120524222, guid: de81fcf5b96ab4f50855c991af714185, type: 3}
      propertyPath: m_LocalEulerAnglesHint.y
      value: -90.001
      objectReference: {fileID: 0}
    - target: {fileID: 4063465120524222, guid: de81fcf5b96ab4f50855c991af714185, type: 3}
      propertyPath: m_LocalEulerAnglesHint.z
      value: 0
      objectReference: {fileID: 0}
    - target: {fileID: 23108873509250614, guid: de81fcf5b96ab4f50855c991af714185, type: 3}
      propertyPath: m_Materials.Array.data[3]
      value: 
      objectReference: {fileID: 2100000, guid: ed113f9879e8e6c4ca8c6bd123f9a6c2, type: 2}
    - target: {fileID: 65094474414598176, guid: de81fcf5b96ab4f50855c991af714185, type: 3}
      propertyPath: m_Enabled
      value: 0
      objectReference: {fileID: 0}
    m_RemovedComponents: []
  m_SourcePrefab: {fileID: 100100000, guid: de81fcf5b96ab4f50855c991af714185, type: 3}
--- !u!4 &5734378103960173088 stripped
Transform:
  m_CorrespondingSourceObject: {fileID: 4063465120524222, guid: de81fcf5b96ab4f50855c991af714185, type: 3}
  m_PrefabInstance: {fileID: 5736166678379765150}
  m_PrefabAsset: {fileID: 0}
--- !u!1001 &5840057875793130216
PrefabInstance:
  m_ObjectHideFlags: 0
  serializedVersion: 2
  m_Modification:
    m_TransformParent: {fileID: 9069991785021977274}
    m_Modifications:
    - target: {fileID: 2571072184365130191, guid: f0bc4a5d03609da4ea45401c92510922, type: 3}
      propertyPath: m_RootOrder
      value: 9
      objectReference: {fileID: 0}
    - target: {fileID: 2571072184365130191, guid: f0bc4a5d03609da4ea45401c92510922, type: 3}
      propertyPath: m_LocalScale.x
      value: 2.5
      objectReference: {fileID: 0}
    - target: {fileID: 2571072184365130191, guid: f0bc4a5d03609da4ea45401c92510922, type: 3}
      propertyPath: m_LocalScale.y
      value: 2.5
      objectReference: {fileID: 0}
    - target: {fileID: 2571072184365130191, guid: f0bc4a5d03609da4ea45401c92510922, type: 3}
      propertyPath: m_LocalScale.z
      value: 2.5
      objectReference: {fileID: 0}
    - target: {fileID: 2571072184365130191, guid: f0bc4a5d03609da4ea45401c92510922, type: 3}
      propertyPath: m_LocalPosition.x
      value: 2.13
      objectReference: {fileID: 0}
    - target: {fileID: 2571072184365130191, guid: f0bc4a5d03609da4ea45401c92510922, type: 3}
      propertyPath: m_LocalPosition.y
      value: 2.7500007
      objectReference: {fileID: 0}
    - target: {fileID: 2571072184365130191, guid: f0bc4a5d03609da4ea45401c92510922, type: 3}
      propertyPath: m_LocalPosition.z
      value: -3.67
      objectReference: {fileID: 0}
    - target: {fileID: 2571072184365130191, guid: f0bc4a5d03609da4ea45401c92510922, type: 3}
      propertyPath: m_LocalRotation.w
      value: 1
      objectReference: {fileID: 0}
    - target: {fileID: 2571072184365130191, guid: f0bc4a5d03609da4ea45401c92510922, type: 3}
      propertyPath: m_LocalRotation.x
      value: -0
      objectReference: {fileID: 0}
    - target: {fileID: 2571072184365130191, guid: f0bc4a5d03609da4ea45401c92510922, type: 3}
      propertyPath: m_LocalRotation.y
      value: -0
      objectReference: {fileID: 0}
    - target: {fileID: 2571072184365130191, guid: f0bc4a5d03609da4ea45401c92510922, type: 3}
      propertyPath: m_LocalRotation.z
      value: -0
      objectReference: {fileID: 0}
    - target: {fileID: 2571072184365130191, guid: f0bc4a5d03609da4ea45401c92510922, type: 3}
      propertyPath: m_LocalEulerAnglesHint.x
      value: 0
      objectReference: {fileID: 0}
    - target: {fileID: 2571072184365130191, guid: f0bc4a5d03609da4ea45401c92510922, type: 3}
      propertyPath: m_LocalEulerAnglesHint.y
      value: 0
      objectReference: {fileID: 0}
    - target: {fileID: 2571072184365130191, guid: f0bc4a5d03609da4ea45401c92510922, type: 3}
      propertyPath: m_LocalEulerAnglesHint.z
      value: 0
      objectReference: {fileID: 0}
    - target: {fileID: 2571072184365563375, guid: f0bc4a5d03609da4ea45401c92510922, type: 3}
      propertyPath: m_Name
      value: coffee-cup-paper
      objectReference: {fileID: 0}
    - target: {fileID: 6770597175041613195, guid: f0bc4a5d03609da4ea45401c92510922, type: 3}
      propertyPath: m_Enabled
      value: 0
      objectReference: {fileID: 0}
    m_RemovedComponents: []
  m_SourcePrefab: {fileID: 100100000, guid: f0bc4a5d03609da4ea45401c92510922, type: 3}
--- !u!4 &8260240763215385383 stripped
Transform:
  m_CorrespondingSourceObject: {fileID: 2571072184365130191, guid: f0bc4a5d03609da4ea45401c92510922, type: 3}
  m_PrefabInstance: {fileID: 5840057875793130216}
  m_PrefabAsset: {fileID: 0}
--- !u!1001 &7116982269872163876
PrefabInstance:
  m_ObjectHideFlags: 0
  serializedVersion: 2
  m_Modification:
    m_TransformParent: {fileID: 2825801117409399608}
    m_Modifications:
    - target: {fileID: -9102076317416759583, guid: 525367053f9c0214ea68cc0132319cc1, type: 3}
      propertyPath: m_LocalPosition.x
      value: 0
      objectReference: {fileID: 0}
    - target: {fileID: -9102076317416759583, guid: 525367053f9c0214ea68cc0132319cc1, type: 3}
      propertyPath: m_LocalPosition.z
      value: 0
      objectReference: {fileID: 0}
    - target: {fileID: -8679921383154817045, guid: 525367053f9c0214ea68cc0132319cc1, type: 3}
      propertyPath: m_RootOrder
      value: 0
      objectReference: {fileID: 0}
    - target: {fileID: -8679921383154817045, guid: 525367053f9c0214ea68cc0132319cc1, type: 3}
      propertyPath: m_LocalScale.x
      value: 1
      objectReference: {fileID: 0}
    - target: {fileID: -8679921383154817045, guid: 525367053f9c0214ea68cc0132319cc1, type: 3}
      propertyPath: m_LocalScale.y
      value: 1
      objectReference: {fileID: 0}
    - target: {fileID: -8679921383154817045, guid: 525367053f9c0214ea68cc0132319cc1, type: 3}
      propertyPath: m_LocalScale.z
      value: 1
      objectReference: {fileID: 0}
    - target: {fileID: -8679921383154817045, guid: 525367053f9c0214ea68cc0132319cc1, type: 3}
      propertyPath: m_LocalPosition.x
      value: 0
      objectReference: {fileID: 0}
    - target: {fileID: -8679921383154817045, guid: 525367053f9c0214ea68cc0132319cc1, type: 3}
      propertyPath: m_LocalPosition.y
      value: 0
      objectReference: {fileID: 0}
    - target: {fileID: -8679921383154817045, guid: 525367053f9c0214ea68cc0132319cc1, type: 3}
      propertyPath: m_LocalPosition.z
      value: 0
      objectReference: {fileID: 0}
    - target: {fileID: -8679921383154817045, guid: 525367053f9c0214ea68cc0132319cc1, type: 3}
      propertyPath: m_LocalRotation.w
      value: 1
      objectReference: {fileID: 0}
    - target: {fileID: -8679921383154817045, guid: 525367053f9c0214ea68cc0132319cc1, type: 3}
      propertyPath: m_LocalRotation.x
      value: -0
      objectReference: {fileID: 0}
    - target: {fileID: -8679921383154817045, guid: 525367053f9c0214ea68cc0132319cc1, type: 3}
      propertyPath: m_LocalRotation.y
      value: -0
      objectReference: {fileID: 0}
    - target: {fileID: -8679921383154817045, guid: 525367053f9c0214ea68cc0132319cc1, type: 3}
      propertyPath: m_LocalRotation.z
      value: -0
      objectReference: {fileID: 0}
    - target: {fileID: -8679921383154817045, guid: 525367053f9c0214ea68cc0132319cc1, type: 3}
      propertyPath: m_LocalEulerAnglesHint.x
      value: 0
      objectReference: {fileID: 0}
    - target: {fileID: -8679921383154817045, guid: 525367053f9c0214ea68cc0132319cc1, type: 3}
      propertyPath: m_LocalEulerAnglesHint.y
      value: 0
      objectReference: {fileID: 0}
    - target: {fileID: -8679921383154817045, guid: 525367053f9c0214ea68cc0132319cc1, type: 3}
      propertyPath: m_LocalEulerAnglesHint.z
      value: 0
      objectReference: {fileID: 0}
    - target: {fileID: -7918335002988649766, guid: 525367053f9c0214ea68cc0132319cc1, type: 3}
      propertyPath: m_Materials.Array.data[0]
      value: 
      objectReference: {fileID: 2100000, guid: 849255650a244cd4894b0104bfdf34cd, type: 2}
    - target: {fileID: -4292154010595695564, guid: 525367053f9c0214ea68cc0132319cc1, type: 3}
      propertyPath: m_LocalPosition.x
      value: 1.277139
      objectReference: {fileID: 0}
    - target: {fileID: -4025470130324596155, guid: 525367053f9c0214ea68cc0132319cc1, type: 3}
      propertyPath: m_LocalPosition.x
      value: 1.302541
      objectReference: {fileID: 0}
    - target: {fileID: -3542852092398272455, guid: 525367053f9c0214ea68cc0132319cc1, type: 3}
      propertyPath: m_LocalPosition.x
      value: 1.3029999
      objectReference: {fileID: 0}
    - target: {fileID: -2577548232221058511, guid: 525367053f9c0214ea68cc0132319cc1, type: 3}
      propertyPath: m_LocalPosition.x
      value: 1.3026478
      objectReference: {fileID: 0}
    - target: {fileID: -1538112130698044685, guid: 525367053f9c0214ea68cc0132319cc1, type: 3}
      propertyPath: m_LocalScale.x
      value: 49.575222
      objectReference: {fileID: 0}
    - target: {fileID: -1538112130698044685, guid: 525367053f9c0214ea68cc0132319cc1, type: 3}
      propertyPath: m_LocalScale.y
      value: 64.135574
      objectReference: {fileID: 0}
    - target: {fileID: -1538112130698044685, guid: 525367053f9c0214ea68cc0132319cc1, type: 3}
      propertyPath: m_LocalScale.z
      value: 79.490845
      objectReference: {fileID: 0}
    - target: {fileID: -1255605710908113952, guid: 525367053f9c0214ea68cc0132319cc1, type: 3}
      propertyPath: m_LocalPosition.x
      value: 1.303
      objectReference: {fileID: 0}
    - target: {fileID: 919132149155446097, guid: 525367053f9c0214ea68cc0132319cc1, type: 3}
      propertyPath: m_Name
      value: room
      objectReference: {fileID: 0}
    - target: {fileID: 4083501151425157549, guid: 525367053f9c0214ea68cc0132319cc1, type: 3}
      propertyPath: m_LocalPosition.x
      value: 0.465
      objectReference: {fileID: 0}
    - target: {fileID: 4083501151425157549, guid: 525367053f9c0214ea68cc0132319cc1, type: 3}
      propertyPath: m_LocalPosition.y
      value: 1.432
      objectReference: {fileID: 0}
    - target: {fileID: 6584706424379033704, guid: 525367053f9c0214ea68cc0132319cc1, type: 3}
      propertyPath: m_Materials.Array.data[2]
      value: 
      objectReference: {fileID: 2100000, guid: dadfc210807067942a558d194c975e45, type: 2}
    m_RemovedComponents: []
  m_SourcePrefab: {fileID: 100100000, guid: 525367053f9c0214ea68cc0132319cc1, type: 3}
--- !u!4 &7299808156937792463 stripped
Transform:
  m_CorrespondingSourceObject: {fileID: -8679921383154817045, guid: 525367053f9c0214ea68cc0132319cc1, type: 3}
  m_PrefabInstance: {fileID: 7116982269872163876}
  m_PrefabAsset: {fileID: 0}
--- !u!1001 &7602980158489276295
PrefabInstance:
  m_ObjectHideFlags: 0
  serializedVersion: 2
  m_Modification:
    m_TransformParent: {fileID: 9069991785021977274}
    m_Modifications:
    - target: {fileID: 1123737800675848, guid: eaa31823d38274a95afc3a2368feef6b, type: 3}
      propertyPath: m_Name
      value: cabinet-kitchen-large
      objectReference: {fileID: 0}
    - target: {fileID: 4184539243873102, guid: eaa31823d38274a95afc3a2368feef6b, type: 3}
      propertyPath: m_RootOrder
      value: 5
      objectReference: {fileID: 0}
    - target: {fileID: 4184539243873102, guid: eaa31823d38274a95afc3a2368feef6b, type: 3}
      propertyPath: m_LocalScale.x
      value: 1.81
      objectReference: {fileID: 0}
    - target: {fileID: 4184539243873102, guid: eaa31823d38274a95afc3a2368feef6b, type: 3}
      propertyPath: m_LocalScale.y
      value: 2.5
      objectReference: {fileID: 0}
    - target: {fileID: 4184539243873102, guid: eaa31823d38274a95afc3a2368feef6b, type: 3}
      propertyPath: m_LocalScale.z
      value: 2.5
      objectReference: {fileID: 0}
    - target: {fileID: 4184539243873102, guid: eaa31823d38274a95afc3a2368feef6b, type: 3}
      propertyPath: m_LocalPosition.x
      value: 3.781
      objectReference: {fileID: 0}
    - target: {fileID: 4184539243873102, guid: eaa31823d38274a95afc3a2368feef6b, type: 3}
      propertyPath: m_LocalPosition.y
      value: 0.45
      objectReference: {fileID: 0}
    - target: {fileID: 4184539243873102, guid: eaa31823d38274a95afc3a2368feef6b, type: 3}
      propertyPath: m_LocalPosition.z
      value: -3.5
      objectReference: {fileID: 0}
    - target: {fileID: 4184539243873102, guid: eaa31823d38274a95afc3a2368feef6b, type: 3}
      propertyPath: m_LocalRotation.w
      value: 0.7071068
      objectReference: {fileID: 0}
    - target: {fileID: 4184539243873102, guid: eaa31823d38274a95afc3a2368feef6b, type: 3}
      propertyPath: m_LocalRotation.x
      value: 0
      objectReference: {fileID: 0}
    - target: {fileID: 4184539243873102, guid: eaa31823d38274a95afc3a2368feef6b, type: 3}
      propertyPath: m_LocalRotation.y
      value: -0.7071068
      objectReference: {fileID: 0}
    - target: {fileID: 4184539243873102, guid: eaa31823d38274a95afc3a2368feef6b, type: 3}
      propertyPath: m_LocalRotation.z
      value: 0
      objectReference: {fileID: 0}
    - target: {fileID: 4184539243873102, guid: eaa31823d38274a95afc3a2368feef6b, type: 3}
      propertyPath: m_LocalEulerAnglesHint.x
      value: 0
      objectReference: {fileID: 0}
    - target: {fileID: 4184539243873102, guid: eaa31823d38274a95afc3a2368feef6b, type: 3}
      propertyPath: m_LocalEulerAnglesHint.y
      value: -90
      objectReference: {fileID: 0}
    - target: {fileID: 4184539243873102, guid: eaa31823d38274a95afc3a2368feef6b, type: 3}
      propertyPath: m_LocalEulerAnglesHint.z
      value: 0
      objectReference: {fileID: 0}
    - target: {fileID: 23769935926863600, guid: eaa31823d38274a95afc3a2368feef6b, type: 3}
      propertyPath: m_Materials.Array.data[1]
      value: 
      objectReference: {fileID: 2100000, guid: ed113f9879e8e6c4ca8c6bd123f9a6c2, type: 2}
    - target: {fileID: 65409039638630374, guid: eaa31823d38274a95afc3a2368feef6b, type: 3}
      propertyPath: m_Enabled
      value: 0
      objectReference: {fileID: 0}
    m_RemovedComponents: []
  m_SourcePrefab: {fileID: 100100000, guid: eaa31823d38274a95afc3a2368feef6b, type: 3}
--- !u!4 &7605994809139309769 stripped
Transform:
  m_CorrespondingSourceObject: {fileID: 4184539243873102, guid: eaa31823d38274a95afc3a2368feef6b, type: 3}
  m_PrefabInstance: {fileID: 7602980158489276295}
  m_PrefabAsset: {fileID: 0}
--- !u!1001 &7743511541006773410
PrefabInstance:
  m_ObjectHideFlags: 0
  serializedVersion: 2
  m_Modification:
    m_TransformParent: {fileID: 9069991785021977274}
    m_Modifications:
    - target: {fileID: 1802417043427508, guid: 734edb37fe2e543cd979c690973ac6e2, type: 3}
      propertyPath: m_Name
      value: fridge
      objectReference: {fileID: 0}
    - target: {fileID: 1802417043427508, guid: 734edb37fe2e543cd979c690973ac6e2, type: 3}
      propertyPath: m_IsActive
      value: 1
      objectReference: {fileID: 0}
    - target: {fileID: 4915677869007674, guid: 734edb37fe2e543cd979c690973ac6e2, type: 3}
      propertyPath: m_RootOrder
      value: 2
      objectReference: {fileID: 0}
    - target: {fileID: 4915677869007674, guid: 734edb37fe2e543cd979c690973ac6e2, type: 3}
      propertyPath: m_LocalScale.x
      value: 2.5
      objectReference: {fileID: 0}
    - target: {fileID: 4915677869007674, guid: 734edb37fe2e543cd979c690973ac6e2, type: 3}
      propertyPath: m_LocalScale.y
      value: 2.5
      objectReference: {fileID: 0}
    - target: {fileID: 4915677869007674, guid: 734edb37fe2e543cd979c690973ac6e2, type: 3}
      propertyPath: m_LocalScale.z
      value: 2.5
      objectReference: {fileID: 0}
    - target: {fileID: 4915677869007674, guid: 734edb37fe2e543cd979c690973ac6e2, type: 3}
      propertyPath: m_LocalPosition.x
      value: -1.44
      objectReference: {fileID: 0}
    - target: {fileID: 4915677869007674, guid: 734edb37fe2e543cd979c690973ac6e2, type: 3}
      propertyPath: m_LocalPosition.y
      value: 0.45
      objectReference: {fileID: 0}
    - target: {fileID: 4915677869007674, guid: 734edb37fe2e543cd979c690973ac6e2, type: 3}
      propertyPath: m_LocalPosition.z
      value: -3.8
      objectReference: {fileID: 0}
    - target: {fileID: 4915677869007674, guid: 734edb37fe2e543cd979c690973ac6e2, type: 3}
      propertyPath: m_LocalRotation.w
      value: 1
      objectReference: {fileID: 0}
    - target: {fileID: 4915677869007674, guid: 734edb37fe2e543cd979c690973ac6e2, type: 3}
      propertyPath: m_LocalRotation.x
      value: 0
      objectReference: {fileID: 0}
    - target: {fileID: 4915677869007674, guid: 734edb37fe2e543cd979c690973ac6e2, type: 3}
      propertyPath: m_LocalRotation.y
      value: -0
      objectReference: {fileID: 0}
    - target: {fileID: 4915677869007674, guid: 734edb37fe2e543cd979c690973ac6e2, type: 3}
      propertyPath: m_LocalRotation.z
      value: -0
      objectReference: {fileID: 0}
    - target: {fileID: 4915677869007674, guid: 734edb37fe2e543cd979c690973ac6e2, type: 3}
      propertyPath: m_LocalEulerAnglesHint.x
      value: 0
      objectReference: {fileID: 0}
    - target: {fileID: 4915677869007674, guid: 734edb37fe2e543cd979c690973ac6e2, type: 3}
      propertyPath: m_LocalEulerAnglesHint.y
      value: 0
      objectReference: {fileID: 0}
    - target: {fileID: 4915677869007674, guid: 734edb37fe2e543cd979c690973ac6e2, type: 3}
      propertyPath: m_LocalEulerAnglesHint.z
      value: 0
      objectReference: {fileID: 0}
    - target: {fileID: 23076552637337076, guid: 734edb37fe2e543cd979c690973ac6e2, type: 3}
      propertyPath: m_Materials.Array.data[1]
      value: 
      objectReference: {fileID: 2100000, guid: ed113f9879e8e6c4ca8c6bd123f9a6c2, type: 2}
    - target: {fileID: 23076552637337076, guid: 734edb37fe2e543cd979c690973ac6e2, type: 3}
      propertyPath: m_Materials.Array.data[2]
      value: 
      objectReference: {fileID: 2100000, guid: ed113f9879e8e6c4ca8c6bd123f9a6c2, type: 2}
    - target: {fileID: 65341063372144192, guid: 734edb37fe2e543cd979c690973ac6e2, type: 3}
      propertyPath: m_Enabled
      value: 0
      objectReference: {fileID: 0}
    m_RemovedComponents: []
  m_SourcePrefab: {fileID: 100100000, guid: 734edb37fe2e543cd979c690973ac6e2, type: 3}
--- !u!4 &7739168161092521880 stripped
Transform:
  m_CorrespondingSourceObject: {fileID: 4915677869007674, guid: 734edb37fe2e543cd979c690973ac6e2, type: 3}
  m_PrefabInstance: {fileID: 7743511541006773410}
  m_PrefabAsset: {fileID: 0}
