%YAML 1.1
%TAG !u! tag:unity3d.com,2011:
--- !u!1 &1442822833578398658
GameObject:
  m_ObjectHideFlags: 0
  m_CorrespondingSourceObject: {fileID: 0}
  m_PrefabInstance: {fileID: 0}
  m_PrefabAsset: {fileID: 0}
  serializedVersion: 6
  m_Component:
  - component: {fileID: 4604258310028947175}
  - component: {fileID: 424635726949860530}
  m_Layer: 0
  m_Name: CenterOfRoom
  m_TagString: Untagged
  m_Icon: {fileID: 0}
  m_NavMeshLayer: 0
  m_StaticEditorFlags: 0
  m_IsActive: 1
--- !u!4 &4604258310028947175
Transform:
  m_ObjectHideFlags: 0
  m_CorrespondingSourceObject: {fileID: 0}
  m_PrefabInstance: {fileID: 0}
  m_PrefabAsset: {fileID: 0}
  m_GameObject: {fileID: 1442822833578398658}
  m_LocalRotation: {x: 0, y: 0, z: 0, w: 1}
  m_LocalPosition: {x: 0, y: 0, z: 0}
  m_LocalScale: {x: 1, y: 1, z: 1}
  m_Children: []
  m_Father: {fileID: 3961251574742359784}
  m_RootOrder: 0
  m_LocalEulerAnglesHint: {x: 0, y: 0, z: 0}
--- !u!114 &424635726949860530
MonoBehaviour:
  m_ObjectHideFlags: 0
  m_CorrespondingSourceObject: {fileID: 0}
  m_PrefabInstance: {fileID: 0}
  m_PrefabAsset: {fileID: 0}
  m_GameObject: {fileID: 1442822833578398658}
  m_Enabled: 1
  m_EditorHideFlags: 0
  m_Script: {fileID: 11500000, guid: 60152de8dadfb0d48bc56171f46a6d9e, type: 3}
  m_Name: 
  m_EditorClassIdentifier: 
  changeX: 1
  x: 4454.075
  changeY: 1
  y: 0.7350156
  changeFOV: 1
  fov: 50
  center: {fileID: 8451039959184003802}
--- !u!1 &1772958635365649684
GameObject:
  m_ObjectHideFlags: 0
  m_CorrespondingSourceObject: {fileID: 0}
  m_PrefabInstance: {fileID: 0}
  m_PrefabAsset: {fileID: 0}
  serializedVersion: 6
  m_Component:
  - component: {fileID: 8451039959184003802}
  m_Layer: 0
  m_Name: CENTERMARKPOINT
  m_TagString: Untagged
  m_Icon: {fileID: 0}
  m_NavMeshLayer: 0
  m_StaticEditorFlags: 0
  m_IsActive: 1
--- !u!4 &8451039959184003802
Transform:
  m_ObjectHideFlags: 0
  m_CorrespondingSourceObject: {fileID: 0}
  m_PrefabInstance: {fileID: 0}
  m_PrefabAsset: {fileID: 0}
  m_GameObject: {fileID: 1772958635365649684}
  m_LocalRotation: {x: -0, y: -0, z: -0, w: 1}
  m_LocalPosition: {x: -0.2, y: 1.14, z: 0.2}
  m_LocalScale: {x: 0.01, y: 0.01, z: 0.01}
  m_Children: []
  m_Father: {fileID: 1118321707283019287}
  m_RootOrder: 0
  m_LocalEulerAnglesHint: {x: 0, y: 0, z: 0}
--- !u!1 &1983236746056251609
GameObject:
  m_ObjectHideFlags: 0
  m_CorrespondingSourceObject: {fileID: 0}
  m_PrefabInstance: {fileID: 0}
  m_PrefabAsset: {fileID: 0}
  serializedVersion: 6
  m_Component:
  - component: {fileID: 2440886458451550336}
  m_Layer: 0
  m_Name: MODELSROOM
  m_TagString: Untagged
  m_Icon: {fileID: 0}
  m_NavMeshLayer: 0
  m_StaticEditorFlags: 0
  m_IsActive: 1
--- !u!4 &2440886458451550336
Transform:
  m_ObjectHideFlags: 0
  m_CorrespondingSourceObject: {fileID: 0}
  m_PrefabInstance: {fileID: 0}
  m_PrefabAsset: {fileID: 0}
  m_GameObject: {fileID: 1983236746056251609}
  m_LocalRotation: {x: -0, y: -0, z: -0, w: 1}
  m_LocalPosition: {x: 0, y: 0, z: 0}
  m_LocalScale: {x: 0.8, y: 0.8, z: 0.8}
  m_Children:
  - {fileID: 7180609997552785527}
  - {fileID: 8878726891774935298}
  m_Father: {fileID: 5015835996843340693}
  m_RootOrder: 1
  m_LocalEulerAnglesHint: {x: 0, y: 0, z: 0}
--- !u!1 &2062622990526262827
GameObject:
  m_ObjectHideFlags: 0
  m_CorrespondingSourceObject: {fileID: 0}
  m_PrefabInstance: {fileID: 0}
  m_PrefabAsset: {fileID: 0}
  serializedVersion: 6
  m_Component:
  - component: {fileID: 5587521462246807597}
  m_Layer: 0
  m_Name: Fridge In Room
  m_TagString: Untagged
  m_Icon: {fileID: 0}
  m_NavMeshLayer: 0
  m_StaticEditorFlags: 0
  m_IsActive: 1
--- !u!4 &5587521462246807597
Transform:
  m_ObjectHideFlags: 0
  m_CorrespondingSourceObject: {fileID: 0}
  m_PrefabInstance: {fileID: 0}
  m_PrefabAsset: {fileID: 0}
  m_GameObject: {fileID: 2062622990526262827}
  m_LocalRotation: {x: 0, y: 0, z: 0, w: 1}
  m_LocalPosition: {x: 0, y: 0, z: 0}
  m_LocalScale: {x: 1, y: 1, z: 1}
  m_Children:
  - {fileID: 5015835996843340693}
  m_Father: {fileID: 0}
  m_RootOrder: 0
  m_LocalEulerAnglesHint: {x: 0, y: 0, z: 0}
--- !u!1 &2248845693101352274
GameObject:
  m_ObjectHideFlags: 0
  m_CorrespondingSourceObject: {fileID: 0}
  m_PrefabInstance: {fileID: 0}
  m_PrefabAsset: {fileID: 0}
  serializedVersion: 6
  m_Component:
  - component: {fileID: 3615350185023757225}
  - component: {fileID: 6882392514689141718}
  m_Layer: 0
  m_Name: ElectricSwitch
  m_TagString: Untagged
  m_Icon: {fileID: 0}
  m_NavMeshLayer: 0
  m_StaticEditorFlags: 0
  m_IsActive: 0
--- !u!4 &3615350185023757225
Transform:
  m_ObjectHideFlags: 0
  m_CorrespondingSourceObject: {fileID: 0}
  m_PrefabInstance: {fileID: 0}
  m_PrefabAsset: {fileID: 0}
  m_GameObject: {fileID: 2248845693101352274}
  m_LocalRotation: {x: -0, y: -0, z: -0, w: 1}
  m_LocalPosition: {x: 0, y: 0, z: 0}
  m_LocalScale: {x: 1, y: 1, z: 1}
  m_Children: []
  m_Father: {fileID: 3961251574742359784}
  m_RootOrder: 1
  m_LocalEulerAnglesHint: {x: 0, y: 0, z: 0}
--- !u!114 &6882392514689141718
MonoBehaviour:
  m_ObjectHideFlags: 0
  m_CorrespondingSourceObject: {fileID: 0}
  m_PrefabInstance: {fileID: 0}
  m_PrefabAsset: {fileID: 0}
  m_GameObject: {fileID: 2248845693101352274}
  m_Enabled: 1
  m_EditorHideFlags: 0
  m_Script: {fileID: 11500000, guid: 60152de8dadfb0d48bc56171f46a6d9e, type: 3}
  m_Name: 
  m_EditorClassIdentifier: 
  changeX: 0
  x: 4454.075
  changeY: 0
  y: 0.7350156
  changeFOV: 0
  fov: 50
  center: {fileID: 4604258310028947175}
--- !u!1 &2770709481452876630
GameObject:
  m_ObjectHideFlags: 0
  m_CorrespondingSourceObject: {fileID: 0}
  m_PrefabInstance: {fileID: 0}
  m_PrefabAsset: {fileID: 0}
  serializedVersion: 6
  m_Component:
  - component: {fileID: 8878726891774935298}
  m_Layer: 0
  m_Name: GameObject
  m_TagString: Untagged
  m_Icon: {fileID: 0}
  m_NavMeshLayer: 0
  m_StaticEditorFlags: 0
  m_IsActive: 1
--- !u!4 &8878726891774935298
Transform:
  m_ObjectHideFlags: 0
  m_CorrespondingSourceObject: {fileID: 0}
  m_PrefabInstance: {fileID: 0}
  m_PrefabAsset: {fileID: 0}
  m_GameObject: {fileID: 2770709481452876630}
  m_LocalRotation: {x: -0, y: -0, z: -0, w: 1}
  m_LocalPosition: {x: 0, y: 0, z: 0}
  m_LocalScale: {x: 0.3020411, y: 0.3020411, z: 0.3020411}
  m_Children:
  - {fileID: 1810566465467048281}
  - {fileID: 5295139048167623064}
  - {fileID: 7894680509616815136}
  - {fileID: 5295076905012938962}
  - {fileID: 2833388222368995783}
  - {fileID: 1156638089945598513}
  - {fileID: 8026942390028771185}
  - {fileID: 2767148025959835128}
  - {fileID: 2733314116517523128}
  - {fileID: 1215174042859868964}
  - {fileID: 8379724863402778783}
  - {fileID: 4571881110892591650}
  m_Father: {fileID: 2440886458451550336}
  m_RootOrder: 1
  m_LocalEulerAnglesHint: {x: 0, y: 0, z: 0}
--- !u!1 &3206201844200832010
GameObject:
  m_ObjectHideFlags: 0
  m_CorrespondingSourceObject: {fileID: 0}
  m_PrefabInstance: {fileID: 0}
  m_PrefabAsset: {fileID: 0}
  serializedVersion: 6
  m_Component:
  - component: {fileID: 3961251574742359784}
  m_Layer: 0
  m_Name: VIEW
  m_TagString: Untagged
  m_Icon: {fileID: 0}
  m_NavMeshLayer: 0
  m_StaticEditorFlags: 0
  m_IsActive: 1
--- !u!4 &3961251574742359784
Transform:
  m_ObjectHideFlags: 0
  m_CorrespondingSourceObject: {fileID: 0}
  m_PrefabInstance: {fileID: 0}
  m_PrefabAsset: {fileID: 0}
  m_GameObject: {fileID: 3206201844200832010}
  m_LocalRotation: {x: -0, y: -0, z: -0, w: 1}
  m_LocalPosition: {x: 0, y: 0, z: 0}
  m_LocalScale: {x: 1, y: 1, z: 1}
  m_Children:
  - {fileID: 4604258310028947175}
  - {fileID: 3615350185023757225}
  - {fileID: 5694079112925532086}
  - {fileID: 4309751609511883278}
  - {fileID: 1118321707283019287}
  m_Father: {fileID: 5015835996843340693}
  m_RootOrder: 0
  m_LocalEulerAnglesHint: {x: 0, y: 0, z: 0}
--- !u!1 &4995420702486099023
GameObject:
  m_ObjectHideFlags: 0
  m_CorrespondingSourceObject: {fileID: 0}
  m_PrefabInstance: {fileID: 0}
  m_PrefabAsset: {fileID: 0}
  serializedVersion: 6
  m_Component:
  - component: {fileID: 2733314116517523128}
  - component: {fileID: 2380419830990128285}
  - component: {fileID: 5389254726361867159}
  - component: {fileID: 6261410271623829212}
  m_Layer: 0
  m_Name: Cube
  m_TagString: Untagged
  m_Icon: {fileID: 0}
  m_NavMeshLayer: 0
  m_StaticEditorFlags: 0
  m_IsActive: 1
--- !u!4 &2733314116517523128
Transform:
  m_ObjectHideFlags: 0
  m_CorrespondingSourceObject: {fileID: 0}
  m_PrefabInstance: {fileID: 0}
  m_PrefabAsset: {fileID: 0}
  m_GameObject: {fileID: 4995420702486099023}
  m_LocalRotation: {x: 0, y: 0, z: 0, w: 1}
  m_LocalPosition: {x: 1.41, y: 2.695, z: -3.81}
  m_LocalScale: {x: 2.35, y: 0.1, z: 1.5}
  m_Children: []
  m_Father: {fileID: 8878726891774935298}
  m_RootOrder: 8
  m_LocalEulerAnglesHint: {x: 0, y: 0, z: 0}
--- !u!33 &2380419830990128285
MeshFilter:
  m_ObjectHideFlags: 0
  m_CorrespondingSourceObject: {fileID: 0}
  m_PrefabInstance: {fileID: 0}
  m_PrefabAsset: {fileID: 0}
  m_GameObject: {fileID: 4995420702486099023}
  m_Mesh: {fileID: 10202, guid: 0000000000000000e000000000000000, type: 0}
--- !u!23 &5389254726361867159
MeshRenderer:
  m_ObjectHideFlags: 0
  m_CorrespondingSourceObject: {fileID: 0}
  m_PrefabInstance: {fileID: 0}
  m_PrefabAsset: {fileID: 0}
  m_GameObject: {fileID: 4995420702486099023}
  m_Enabled: 1
  m_CastShadows: 1
  m_ReceiveShadows: 1
  m_DynamicOccludee: 1
  m_MotionVectors: 1
  m_LightProbeUsage: 1
  m_ReflectionProbeUsage: 1
  m_RayTracingMode: 2
  m_RayTraceProcedural: 0
  m_RenderingLayerMask: 1
  m_RendererPriority: 0
  m_Materials:
  - {fileID: 2100000, guid: ed113f9879e8e6c4ca8c6bd123f9a6c2, type: 2}
  m_StaticBatchInfo:
    firstSubMesh: 0
    subMeshCount: 0
  m_StaticBatchRoot: {fileID: 0}
  m_ProbeAnchor: {fileID: 0}
  m_LightProbeVolumeOverride: {fileID: 0}
  m_ScaleInLightmap: 1
  m_ReceiveGI: 1
  m_PreserveUVs: 0
  m_IgnoreNormalsForChartDetection: 0
  m_ImportantGI: 0
  m_StitchLightmapSeams: 1
  m_SelectedEditorRenderState: 3
  m_MinimumChartSize: 4
  m_AutoUVMaxDistance: 0.5
  m_AutoUVMaxAngle: 89
  m_LightmapParameters: {fileID: 0}
  m_SortingLayerID: 0
  m_SortingLayer: 0
  m_SortingOrder: 0
  m_AdditionalVertexStreams: {fileID: 0}
--- !u!65 &6261410271623829212
BoxCollider:
  m_ObjectHideFlags: 0
  m_CorrespondingSourceObject: {fileID: 0}
  m_PrefabInstance: {fileID: 0}
  m_PrefabAsset: {fileID: 0}
  m_GameObject: {fileID: 4995420702486099023}
  m_Material: {fileID: 0}
  m_IsTrigger: 0
  m_Enabled: 1
  serializedVersion: 2
  m_Size: {x: 1, y: 1, z: 1}
  m_Center: {x: 0, y: 0, z: 0}
--- !u!1 &5053473230472167740
GameObject:
  m_ObjectHideFlags: 0
  m_CorrespondingSourceObject: {fileID: 0}
  m_PrefabInstance: {fileID: 0}
  m_PrefabAsset: {fileID: 0}
  serializedVersion: 6
  m_Component:
  - component: {fileID: 1118321707283019287}
  m_Layer: 0
  m_Name: VIEWMARKPOINT
  m_TagString: Untagged
  m_Icon: {fileID: 0}
  m_NavMeshLayer: 0
  m_StaticEditorFlags: 0
  m_IsActive: 1
--- !u!4 &1118321707283019287
Transform:
  m_ObjectHideFlags: 0
  m_CorrespondingSourceObject: {fileID: 0}
  m_PrefabInstance: {fileID: 0}
  m_PrefabAsset: {fileID: 0}
  m_GameObject: {fileID: 5053473230472167740}
  m_LocalRotation: {x: -0, y: -0, z: -0, w: 1}
  m_LocalPosition: {x: 0, y: 0, z: 0}
  m_LocalScale: {x: 1, y: 1, z: 1}
  m_Children:
  - {fileID: 8451039959184003802}
  m_Father: {fileID: 3961251574742359784}
  m_RootOrder: 4
  m_LocalEulerAnglesHint: {x: 0, y: 0, z: 0}
--- !u!1 &6349416924780854302
GameObject:
  m_ObjectHideFlags: 0
  m_CorrespondingSourceObject: {fileID: 0}
  m_PrefabInstance: {fileID: 0}
  m_PrefabAsset: {fileID: 0}
  serializedVersion: 6
  m_Component:
  - component: {fileID: 4309751609511883278}
  - component: {fileID: 9081666288770440010}
  m_Layer: 0
  m_Name: CircuitBreaker
  m_TagString: Untagged
  m_Icon: {fileID: 0}
  m_NavMeshLayer: 0
  m_StaticEditorFlags: 0
  m_IsActive: 0
--- !u!4 &4309751609511883278
Transform:
  m_ObjectHideFlags: 0
  m_CorrespondingSourceObject: {fileID: 0}
  m_PrefabInstance: {fileID: 0}
  m_PrefabAsset: {fileID: 0}
  m_GameObject: {fileID: 6349416924780854302}
  m_LocalRotation: {x: -0, y: -0, z: -0, w: 1}
  m_LocalPosition: {x: 0, y: 0, z: 0}
  m_LocalScale: {x: 1, y: 1, z: 1}
  m_Children: []
  m_Father: {fileID: 3961251574742359784}
  m_RootOrder: 3
  m_LocalEulerAnglesHint: {x: 0, y: 0, z: 0}
--- !u!114 &9081666288770440010
MonoBehaviour:
  m_ObjectHideFlags: 0
  m_CorrespondingSourceObject: {fileID: 0}
  m_PrefabInstance: {fileID: 0}
  m_PrefabAsset: {fileID: 0}
  m_GameObject: {fileID: 6349416924780854302}
  m_Enabled: 1
  m_EditorHideFlags: 0
  m_Script: {fileID: 11500000, guid: 60152de8dadfb0d48bc56171f46a6d9e, type: 3}
  m_Name: 
  m_EditorClassIdentifier: 
  changeX: 0
  x: 4454.075
  changeY: 0
  y: 0.7350156
  changeFOV: 0
  fov: 50
  center: {fileID: 0}
--- !u!1 &7151554982609935401
GameObject:
  m_ObjectHideFlags: 0
  m_CorrespondingSourceObject: {fileID: 0}
  m_PrefabInstance: {fileID: 0}
  m_PrefabAsset: {fileID: 0}
  serializedVersion: 6
  m_Component:
  - component: {fileID: 5694079112925532086}
  - component: {fileID: 603391694503225212}
  m_Layer: 0
  m_Name: LightTube
  m_TagString: Untagged
  m_Icon: {fileID: 0}
  m_NavMeshLayer: 0
  m_StaticEditorFlags: 0
  m_IsActive: 0
--- !u!4 &5694079112925532086
Transform:
  m_ObjectHideFlags: 0
  m_CorrespondingSourceObject: {fileID: 0}
  m_PrefabInstance: {fileID: 0}
  m_PrefabAsset: {fileID: 0}
  m_GameObject: {fileID: 7151554982609935401}
  m_LocalRotation: {x: -0, y: -0, z: -0, w: 1}
  m_LocalPosition: {x: 0, y: 0, z: 0}
  m_LocalScale: {x: 1, y: 1, z: 1}
  m_Children: []
  m_Father: {fileID: 3961251574742359784}
  m_RootOrder: 2
  m_LocalEulerAnglesHint: {x: 0, y: 0, z: 0}
--- !u!114 &603391694503225212
MonoBehaviour:
  m_ObjectHideFlags: 0
  m_CorrespondingSourceObject: {fileID: 0}
  m_PrefabInstance: {fileID: 0}
  m_PrefabAsset: {fileID: 0}
  m_GameObject: {fileID: 7151554982609935401}
  m_Enabled: 1
  m_EditorHideFlags: 0
  m_Script: {fileID: 11500000, guid: 60152de8dadfb0d48bc56171f46a6d9e, type: 3}
  m_Name: 
  m_EditorClassIdentifier: 
  changeX: 1
  x: 4467.8413
  changeY: 1
  y: 0.745797
  changeFOV: 1
  fov: 9.735901
  center: {fileID: 0}
--- !u!1 &7312309425182682755
GameObject:
  m_ObjectHideFlags: 0
  m_CorrespondingSourceObject: {fileID: 0}
  m_PrefabInstance: {fileID: 0}
  m_PrefabAsset: {fileID: 0}
  serializedVersion: 6
  m_Component:
  - component: {fileID: 5015835996843340693}
  - component: {fileID: 323929852679034627}
  - component: {fileID: 5574834762933822219}
  m_Layer: 0
  m_Name: KITCHENROOM
  m_TagString: Untagged
  m_Icon: {fileID: 0}
  m_NavMeshLayer: 0
  m_StaticEditorFlags: 0
  m_IsActive: 1
--- !u!4 &5015835996843340693
Transform:
  m_ObjectHideFlags: 0
  m_CorrespondingSourceObject: {fileID: 0}
  m_PrefabInstance: {fileID: 0}
  m_PrefabAsset: {fileID: 0}
  m_GameObject: {fileID: 7312309425182682755}
  m_LocalRotation: {x: 0, y: 0, z: 0, w: 1}
  m_LocalPosition: {x: 0, y: 0, z: 0}
  m_LocalScale: {x: 1, y: 1, z: 1}
  m_Children:
  - {fileID: 3961251574742359784}
  - {fileID: 2440886458451550336}
  m_Father: {fileID: 5587521462246807597}
  m_RootOrder: 0
  m_LocalEulerAnglesHint: {x: 0, y: 0, z: 0}
--- !u!114 &323929852679034627
MonoBehaviour:
  m_ObjectHideFlags: 0
  m_CorrespondingSourceObject: {fileID: 0}
  m_PrefabInstance: {fileID: 0}
  m_PrefabAsset: {fileID: 0}
  m_GameObject: {fileID: 7312309425182682755}
  m_Enabled: 0
  m_EditorHideFlags: 0
  m_Script: {fileID: 11500000, guid: 582d221b8eb2c3c488f5ec09bc7d860d, type: 3}
  m_Name: 
  m_EditorClassIdentifier: 
  tools:
  - HAND
  - CLOTH
  - WATER
--- !u!114 &5574834762933822219
MonoBehaviour:
  m_ObjectHideFlags: 0
  m_CorrespondingSourceObject: {fileID: 0}
  m_PrefabInstance: {fileID: 0}
  m_PrefabAsset: {fileID: 0}
  m_GameObject: {fileID: 7312309425182682755}
  m_Enabled: 1
  m_EditorHideFlags: 0
  m_Script: {fileID: 11500000, guid: 3a91ffecfb876f44787bc21f47289faf, type: 3}
  m_Name: 
  m_EditorClassIdentifier: 
  view: {fileID: 424635726949860530}
--- !u!1001 &1153917929318279943
PrefabInstance:
  m_ObjectHideFlags: 0
  serializedVersion: 2
  m_Modification:
    m_TransformParent: {fileID: 8878726891774935298}
    m_Modifications:
    - target: {fileID: 1873117837602322, guid: d4395a033bba949a3bb0008ff4898610, type: 3}
      propertyPath: m_Name
      value: cabinet-kitchen-small
      objectReference: {fileID: 0}
    - target: {fileID: 4149594466066742, guid: d4395a033bba949a3bb0008ff4898610, type: 3}
      propertyPath: m_RootOrder
      value: 5
      objectReference: {fileID: 0}
    - target: {fileID: 4149594466066742, guid: d4395a033bba949a3bb0008ff4898610, type: 3}
      propertyPath: m_LocalScale.x
      value: 2.5
      objectReference: {fileID: 0}
    - target: {fileID: 4149594466066742, guid: d4395a033bba949a3bb0008ff4898610, type: 3}
      propertyPath: m_LocalScale.y
      value: 2.5
      objectReference: {fileID: 0}
    - target: {fileID: 4149594466066742, guid: d4395a033bba949a3bb0008ff4898610, type: 3}
      propertyPath: m_LocalScale.z
      value: 2.5
      objectReference: {fileID: 0}
    - target: {fileID: 4149594466066742, guid: d4395a033bba949a3bb0008ff4898610, type: 3}
      propertyPath: m_LocalPosition.x
      value: 3.7809997
      objectReference: {fileID: 0}
    - target: {fileID: 4149594466066742, guid: d4395a033bba949a3bb0008ff4898610, type: 3}
      propertyPath: m_LocalPosition.y
      value: 0.45
      objectReference: {fileID: 0}
    - target: {fileID: 4149594466066742, guid: d4395a033bba949a3bb0008ff4898610, type: 3}
      propertyPath: m_LocalPosition.z
      value: 3.98
      objectReference: {fileID: 0}
    - target: {fileID: 4149594466066742, guid: d4395a033bba949a3bb0008ff4898610, type: 3}
      propertyPath: m_LocalRotation.w
      value: 0.7071068
      objectReference: {fileID: 0}
    - target: {fileID: 4149594466066742, guid: d4395a033bba949a3bb0008ff4898610, type: 3}
      propertyPath: m_LocalRotation.x
      value: 0
      objectReference: {fileID: 0}
    - target: {fileID: 4149594466066742, guid: d4395a033bba949a3bb0008ff4898610, type: 3}
      propertyPath: m_LocalRotation.y
      value: -0.7071068
      objectReference: {fileID: 0}
    - target: {fileID: 4149594466066742, guid: d4395a033bba949a3bb0008ff4898610, type: 3}
      propertyPath: m_LocalRotation.z
      value: 0
      objectReference: {fileID: 0}
    - target: {fileID: 4149594466066742, guid: d4395a033bba949a3bb0008ff4898610, type: 3}
      propertyPath: m_LocalEulerAnglesHint.x
      value: 0
      objectReference: {fileID: 0}
    - target: {fileID: 4149594466066742, guid: d4395a033bba949a3bb0008ff4898610, type: 3}
      propertyPath: m_LocalEulerAnglesHint.y
      value: -90
      objectReference: {fileID: 0}
    - target: {fileID: 4149594466066742, guid: d4395a033bba949a3bb0008ff4898610, type: 3}
      propertyPath: m_LocalEulerAnglesHint.z
      value: 0
      objectReference: {fileID: 0}
    - target: {fileID: 23140457951852756, guid: d4395a033bba949a3bb0008ff4898610, type: 3}
      propertyPath: m_Materials.Array.data[1]
      value: 
      objectReference: {fileID: 2100000, guid: ed113f9879e8e6c4ca8c6bd123f9a6c2, type: 2}
    - target: {fileID: 23140457951852756, guid: d4395a033bba949a3bb0008ff4898610, type: 3}
      propertyPath: m_Materials.Array.data[2]
      value: 
      objectReference: {fileID: 2100000, guid: ed113f9879e8e6c4ca8c6bd123f9a6c2, type: 2}
    - target: {fileID: 65194921123608364, guid: d4395a033bba949a3bb0008ff4898610, type: 3}
      propertyPath: m_Enabled
      value: 0
      objectReference: {fileID: 0}
    m_RemovedComponents: []
  m_SourcePrefab: {fileID: 100100000, guid: d4395a033bba949a3bb0008ff4898610, type: 3}
--- !u!4 &1156638089945598513 stripped
Transform:
  m_CorrespondingSourceObject: {fileID: 4149594466066742, guid: d4395a033bba949a3bb0008ff4898610, type: 3}
  m_PrefabInstance: {fileID: 1153917929318279943}
  m_PrefabAsset: {fileID: 0}
--- !u!1001 &1212475805891605010
PrefabInstance:
  m_ObjectHideFlags: 0
  serializedVersion: 2
  m_Modification:
    m_TransformParent: {fileID: 8878726891774935298}
    m_Modifications:
    - target: {fileID: 1873117837602322, guid: d4395a033bba949a3bb0008ff4898610, type: 3}
      propertyPath: m_Name
      value: cabinet-kitchen-small
      objectReference: {fileID: 0}
    - target: {fileID: 4149594466066742, guid: d4395a033bba949a3bb0008ff4898610, type: 3}
      propertyPath: m_RootOrder
      value: 9
      objectReference: {fileID: 0}
    - target: {fileID: 4149594466066742, guid: d4395a033bba949a3bb0008ff4898610, type: 3}
      propertyPath: m_LocalScale.x
      value: 2.49
      objectReference: {fileID: 0}
    - target: {fileID: 4149594466066742, guid: d4395a033bba949a3bb0008ff4898610, type: 3}
      propertyPath: m_LocalScale.y
      value: 2.5
      objectReference: {fileID: 0}
    - target: {fileID: 4149594466066742, guid: d4395a033bba949a3bb0008ff4898610, type: 3}
      propertyPath: m_LocalScale.z
      value: 2.5
      objectReference: {fileID: 0}
    - target: {fileID: 4149594466066742, guid: d4395a033bba949a3bb0008ff4898610, type: 3}
      propertyPath: m_LocalPosition.x
      value: -0.23
      objectReference: {fileID: 0}
    - target: {fileID: 4149594466066742, guid: d4395a033bba949a3bb0008ff4898610, type: 3}
      propertyPath: m_LocalPosition.y
      value: 0.45
      objectReference: {fileID: 0}
    - target: {fileID: 4149594466066742, guid: d4395a033bba949a3bb0008ff4898610, type: 3}
      propertyPath: m_LocalPosition.z
      value: -3.81
      objectReference: {fileID: 0}
    - target: {fileID: 4149594466066742, guid: d4395a033bba949a3bb0008ff4898610, type: 3}
      propertyPath: m_LocalRotation.w
      value: 1
      objectReference: {fileID: 0}
    - target: {fileID: 4149594466066742, guid: d4395a033bba949a3bb0008ff4898610, type: 3}
      propertyPath: m_LocalRotation.x
      value: 0
      objectReference: {fileID: 0}
    - target: {fileID: 4149594466066742, guid: d4395a033bba949a3bb0008ff4898610, type: 3}
      propertyPath: m_LocalRotation.y
      value: 0
      objectReference: {fileID: 0}
    - target: {fileID: 4149594466066742, guid: d4395a033bba949a3bb0008ff4898610, type: 3}
      propertyPath: m_LocalRotation.z
      value: 0
      objectReference: {fileID: 0}
    - target: {fileID: 4149594466066742, guid: d4395a033bba949a3bb0008ff4898610, type: 3}
      propertyPath: m_LocalEulerAnglesHint.x
      value: 0
      objectReference: {fileID: 0}
    - target: {fileID: 4149594466066742, guid: d4395a033bba949a3bb0008ff4898610, type: 3}
      propertyPath: m_LocalEulerAnglesHint.y
      value: 0
      objectReference: {fileID: 0}
    - target: {fileID: 4149594466066742, guid: d4395a033bba949a3bb0008ff4898610, type: 3}
      propertyPath: m_LocalEulerAnglesHint.z
      value: 0
      objectReference: {fileID: 0}
    - target: {fileID: 23140457951852756, guid: d4395a033bba949a3bb0008ff4898610, type: 3}
      propertyPath: m_Materials.Array.data[1]
      value: 
      objectReference: {fileID: 2100000, guid: ed113f9879e8e6c4ca8c6bd123f9a6c2, type: 2}
    - target: {fileID: 23140457951852756, guid: d4395a033bba949a3bb0008ff4898610, type: 3}
      propertyPath: m_Materials.Array.data[2]
      value: 
      objectReference: {fileID: 2100000, guid: ed113f9879e8e6c4ca8c6bd123f9a6c2, type: 2}
    - target: {fileID: 65194921123608364, guid: d4395a033bba949a3bb0008ff4898610, type: 3}
      propertyPath: m_Enabled
      value: 1
      objectReference: {fileID: 0}
    m_RemovedComponents: []
  m_SourcePrefab: {fileID: 100100000, guid: d4395a033bba949a3bb0008ff4898610, type: 3}
--- !u!4 &1215174042859868964 stripped
Transform:
  m_CorrespondingSourceObject: {fileID: 4149594466066742, guid: d4395a033bba949a3bb0008ff4898610, type: 3}
  m_PrefabInstance: {fileID: 1212475805891605010}
  m_PrefabAsset: {fileID: 0}
--- !u!1001 &1814988035415837037
PrefabInstance:
  m_ObjectHideFlags: 0
  serializedVersion: 2
  m_Modification:
    m_TransformParent: {fileID: 8878726891774935298}
    m_Modifications:
    - target: {fileID: 1927667922535328, guid: 8210abb7e902443599d26692fe7e9fb7, type: 3}
      propertyPath: m_Name
      value: dishwasher
      objectReference: {fileID: 0}
    - target: {fileID: 4590027437664308, guid: 8210abb7e902443599d26692fe7e9fb7, type: 3}
      propertyPath: m_RootOrder
      value: 0
      objectReference: {fileID: 0}
    - target: {fileID: 4590027437664308, guid: 8210abb7e902443599d26692fe7e9fb7, type: 3}
      propertyPath: m_LocalScale.x
      value: 2.5
      objectReference: {fileID: 0}
    - target: {fileID: 4590027437664308, guid: 8210abb7e902443599d26692fe7e9fb7, type: 3}
      propertyPath: m_LocalScale.y
      value: 2.5
      objectReference: {fileID: 0}
    - target: {fileID: 4590027437664308, guid: 8210abb7e902443599d26692fe7e9fb7, type: 3}
      propertyPath: m_LocalScale.z
      value: 2.5
      objectReference: {fileID: 0}
    - target: {fileID: 4590027437664308, guid: 8210abb7e902443599d26692fe7e9fb7, type: 3}
      propertyPath: m_LocalPosition.x
      value: 3.7809997
      objectReference: {fileID: 0}
    - target: {fileID: 4590027437664308, guid: 8210abb7e902443599d26692fe7e9fb7, type: 3}
      propertyPath: m_LocalPosition.y
      value: 0.45
      objectReference: {fileID: 0}
    - target: {fileID: 4590027437664308, guid: 8210abb7e902443599d26692fe7e9fb7, type: 3}
      propertyPath: m_LocalPosition.z
      value: -0.4
      objectReference: {fileID: 0}
    - target: {fileID: 4590027437664308, guid: 8210abb7e902443599d26692fe7e9fb7, type: 3}
      propertyPath: m_LocalRotation.w
      value: 0.7071302
      objectReference: {fileID: 0}
    - target: {fileID: 4590027437664308, guid: 8210abb7e902443599d26692fe7e9fb7, type: 3}
      propertyPath: m_LocalRotation.x
      value: -0
      objectReference: {fileID: 0}
    - target: {fileID: 4590027437664308, guid: 8210abb7e902443599d26692fe7e9fb7, type: 3}
      propertyPath: m_LocalRotation.y
      value: -0.7070834
      objectReference: {fileID: 0}
    - target: {fileID: 4590027437664308, guid: 8210abb7e902443599d26692fe7e9fb7, type: 3}
      propertyPath: m_LocalRotation.z
      value: -0
      objectReference: {fileID: 0}
    - target: {fileID: 4590027437664308, guid: 8210abb7e902443599d26692fe7e9fb7, type: 3}
      propertyPath: m_LocalEulerAnglesHint.x
      value: 0
      objectReference: {fileID: 0}
    - target: {fileID: 4590027437664308, guid: 8210abb7e902443599d26692fe7e9fb7, type: 3}
      propertyPath: m_LocalEulerAnglesHint.y
      value: -89.996
      objectReference: {fileID: 0}
    - target: {fileID: 4590027437664308, guid: 8210abb7e902443599d26692fe7e9fb7, type: 3}
      propertyPath: m_LocalEulerAnglesHint.z
      value: 0
      objectReference: {fileID: 0}
    - target: {fileID: 23472468332328326, guid: 8210abb7e902443599d26692fe7e9fb7, type: 3}
      propertyPath: m_Materials.Array.data[0]
      value: 
      objectReference: {fileID: 2100000, guid: ed113f9879e8e6c4ca8c6bd123f9a6c2, type: 2}
    - target: {fileID: 23472468332328326, guid: 8210abb7e902443599d26692fe7e9fb7, type: 3}
      propertyPath: m_Materials.Array.data[2]
      value: 
      objectReference: {fileID: 2100000, guid: ed113f9879e8e6c4ca8c6bd123f9a6c2, type: 2}
    - target: {fileID: 65782963504489416, guid: 8210abb7e902443599d26692fe7e9fb7, type: 3}
      propertyPath: m_Enabled
      value: 0
      objectReference: {fileID: 0}
    m_RemovedComponents: []
  m_SourcePrefab: {fileID: 100100000, guid: 8210abb7e902443599d26692fe7e9fb7, type: 3}
--- !u!4 &1810566465467048281 stripped
Transform:
  m_CorrespondingSourceObject: {fileID: 4590027437664308, guid: 8210abb7e902443599d26692fe7e9fb7, type: 3}
  m_PrefabInstance: {fileID: 1814988035415837037}
  m_PrefabAsset: {fileID: 0}
--- !u!1001 &2366798761191620140
PrefabInstance:
  m_ObjectHideFlags: 0
  serializedVersion: 2
  m_Modification:
    m_TransformParent: {fileID: 8878726891774935298}
    m_Modifications:
    - target: {fileID: -8679921383154817045, guid: 769346f2ca673804790b10ae000051e1, type: 3}
      propertyPath: m_RootOrder
      value: 4
      objectReference: {fileID: 0}
    - target: {fileID: -8679921383154817045, guid: 769346f2ca673804790b10ae000051e1, type: 3}
      propertyPath: m_LocalScale.x
      value: 2.5
      objectReference: {fileID: 0}
    - target: {fileID: -8679921383154817045, guid: 769346f2ca673804790b10ae000051e1, type: 3}
      propertyPath: m_LocalScale.y
      value: 2.5
      objectReference: {fileID: 0}
    - target: {fileID: -8679921383154817045, guid: 769346f2ca673804790b10ae000051e1, type: 3}
      propertyPath: m_LocalScale.z
      value: 2.5
      objectReference: {fileID: 0}
    - target: {fileID: -8679921383154817045, guid: 769346f2ca673804790b10ae000051e1, type: 3}
      propertyPath: m_LocalPosition.x
      value: 3.8009996
      objectReference: {fileID: 0}
    - target: {fileID: -8679921383154817045, guid: 769346f2ca673804790b10ae000051e1, type: 3}
      propertyPath: m_LocalPosition.y
      value: 0.45
      objectReference: {fileID: 0}
    - target: {fileID: -8679921383154817045, guid: 769346f2ca673804790b10ae000051e1, type: 3}
      propertyPath: m_LocalPosition.z
      value: 2.65
      objectReference: {fileID: 0}
    - target: {fileID: -8679921383154817045, guid: 769346f2ca673804790b10ae000051e1, type: 3}
      propertyPath: m_LocalRotation.w
      value: 0.7071068
      objectReference: {fileID: 0}
    - target: {fileID: -8679921383154817045, guid: 769346f2ca673804790b10ae000051e1, type: 3}
      propertyPath: m_LocalRotation.x
      value: 0
      objectReference: {fileID: 0}
    - target: {fileID: -8679921383154817045, guid: 769346f2ca673804790b10ae000051e1, type: 3}
      propertyPath: m_LocalRotation.y
      value: -0.7071068
      objectReference: {fileID: 0}
    - target: {fileID: -8679921383154817045, guid: 769346f2ca673804790b10ae000051e1, type: 3}
      propertyPath: m_LocalRotation.z
      value: 0
      objectReference: {fileID: 0}
    - target: {fileID: -8679921383154817045, guid: 769346f2ca673804790b10ae000051e1, type: 3}
      propertyPath: m_LocalEulerAnglesHint.x
      value: 0
      objectReference: {fileID: 0}
    - target: {fileID: -8679921383154817045, guid: 769346f2ca673804790b10ae000051e1, type: 3}
      propertyPath: m_LocalEulerAnglesHint.y
      value: -90
      objectReference: {fileID: 0}
    - target: {fileID: -8679921383154817045, guid: 769346f2ca673804790b10ae000051e1, type: 3}
      propertyPath: m_LocalEulerAnglesHint.z
      value: 0
      objectReference: {fileID: 0}
    - target: {fileID: -7511558181221131132, guid: 769346f2ca673804790b10ae000051e1, type: 3}
      propertyPath: m_Materials.Array.data[0]
      value: 
      objectReference: {fileID: 2100000, guid: 579080bda9f89ee42a5447d6d997e266, type: 2}
    - target: {fileID: -7511558181221131132, guid: 769346f2ca673804790b10ae000051e1, type: 3}
      propertyPath: m_Materials.Array.data[1]
      value: 
      objectReference: {fileID: 2100000, guid: 579080bda9f89ee42a5447d6d997e266, type: 2}
    - target: {fileID: -7511558181221131132, guid: 769346f2ca673804790b10ae000051e1, type: 3}
      propertyPath: m_Materials.Array.data[2]
      value: 
      objectReference: {fileID: 2100000, guid: ed113f9879e8e6c4ca8c6bd123f9a6c2, type: 2}
    - target: {fileID: -7511558181221131132, guid: 769346f2ca673804790b10ae000051e1, type: 3}
      propertyPath: m_Materials.Array.data[3]
      value: 
      objectReference: {fileID: 2100000, guid: 579080bda9f89ee42a5447d6d997e266, type: 2}
    - target: {fileID: -7511558181221131132, guid: 769346f2ca673804790b10ae000051e1, type: 3}
      propertyPath: m_Materials.Array.data[4]
      value: 
      objectReference: {fileID: 2100000, guid: c413883b1f5da43f595f8475353613de, type: 2}
    - target: {fileID: 919132149155446097, guid: 769346f2ca673804790b10ae000051e1, type: 3}
      propertyPath: m_Name
      value: kitchen_sink
      objectReference: {fileID: 0}
    m_RemovedComponents: []
  m_SourcePrefab: {fileID: 100100000, guid: 769346f2ca673804790b10ae000051e1, type: 3}
--- !u!4 &2833388222368995783 stripped
Transform:
  m_CorrespondingSourceObject: {fileID: -8679921383154817045, guid: 769346f2ca673804790b10ae000051e1, type: 3}
  m_PrefabInstance: {fileID: 2366798761191620140}
  m_PrefabAsset: {fileID: 0}
--- !u!1001 &2767531957770020534
PrefabInstance:
  m_ObjectHideFlags: 0
  serializedVersion: 2
  m_Modification:
    m_TransformParent: {fileID: 8878726891774935298}
    m_Modifications:
    - target: {fileID: 1123737800675848, guid: eaa31823d38274a95afc3a2368feef6b, type: 3}
      propertyPath: m_Name
      value: cabinet-kitchen-large (1)
      objectReference: {fileID: 0}
    - target: {fileID: 4184539243873102, guid: eaa31823d38274a95afc3a2368feef6b, type: 3}
      propertyPath: m_RootOrder
      value: 7
      objectReference: {fileID: 0}
    - target: {fileID: 4184539243873102, guid: eaa31823d38274a95afc3a2368feef6b, type: 3}
      propertyPath: m_LocalScale.x
      value: 1.81
      objectReference: {fileID: 0}
    - target: {fileID: 4184539243873102, guid: eaa31823d38274a95afc3a2368feef6b, type: 3}
      propertyPath: m_LocalScale.y
      value: 2.5
      objectReference: {fileID: 0}
    - target: {fileID: 4184539243873102, guid: eaa31823d38274a95afc3a2368feef6b, type: 3}
      propertyPath: m_LocalScale.z
      value: 2.5
      objectReference: {fileID: 0}
    - target: {fileID: 4184539243873102, guid: eaa31823d38274a95afc3a2368feef6b, type: 3}
      propertyPath: m_LocalPosition.x
      value: 3.47
      objectReference: {fileID: 0}
    - target: {fileID: 4184539243873102, guid: eaa31823d38274a95afc3a2368feef6b, type: 3}
      propertyPath: m_LocalPosition.y
      value: 0.45
      objectReference: {fileID: 0}
    - target: {fileID: 4184539243873102, guid: eaa31823d38274a95afc3a2368feef6b, type: 3}
      propertyPath: m_LocalPosition.z
      value: -3.823
      objectReference: {fileID: 0}
    - target: {fileID: 4184539243873102, guid: eaa31823d38274a95afc3a2368feef6b, type: 3}
      propertyPath: m_LocalRotation.w
      value: 1
      objectReference: {fileID: 0}
    - target: {fileID: 4184539243873102, guid: eaa31823d38274a95afc3a2368feef6b, type: 3}
      propertyPath: m_LocalRotation.x
      value: 0
      objectReference: {fileID: 0}
    - target: {fileID: 4184539243873102, guid: eaa31823d38274a95afc3a2368feef6b, type: 3}
      propertyPath: m_LocalRotation.y
      value: 0
      objectReference: {fileID: 0}
    - target: {fileID: 4184539243873102, guid: eaa31823d38274a95afc3a2368feef6b, type: 3}
      propertyPath: m_LocalRotation.z
      value: 0
      objectReference: {fileID: 0}
    - target: {fileID: 4184539243873102, guid: eaa31823d38274a95afc3a2368feef6b, type: 3}
      propertyPath: m_LocalEulerAnglesHint.x
      value: 0
      objectReference: {fileID: 0}
    - target: {fileID: 4184539243873102, guid: eaa31823d38274a95afc3a2368feef6b, type: 3}
      propertyPath: m_LocalEulerAnglesHint.y
      value: 0
      objectReference: {fileID: 0}
    - target: {fileID: 4184539243873102, guid: eaa31823d38274a95afc3a2368feef6b, type: 3}
      propertyPath: m_LocalEulerAnglesHint.z
      value: 0
      objectReference: {fileID: 0}
    - target: {fileID: 23769935926863600, guid: eaa31823d38274a95afc3a2368feef6b, type: 3}
      propertyPath: m_Materials.Array.data[1]
      value: 
      objectReference: {fileID: 2100000, guid: ed113f9879e8e6c4ca8c6bd123f9a6c2, type: 2}
    - target: {fileID: 65409039638630374, guid: eaa31823d38274a95afc3a2368feef6b, type: 3}
      propertyPath: m_Enabled
      value: 1
      objectReference: {fileID: 0}
    m_RemovedComponents: []
  m_SourcePrefab: {fileID: 100100000, guid: eaa31823d38274a95afc3a2368feef6b, type: 3}
--- !u!4 &2767148025959835128 stripped
Transform:
  m_CorrespondingSourceObject: {fileID: 4184539243873102, guid: eaa31823d38274a95afc3a2368feef6b, type: 3}
  m_PrefabInstance: {fileID: 2767531957770020534}
  m_PrefabAsset: {fileID: 0}
--- !u!1001 &4574579343565429524
PrefabInstance:
  m_ObjectHideFlags: 0
  serializedVersion: 2
  m_Modification:
    m_TransformParent: {fileID: 8878726891774935298}
    m_Modifications:
    - target: {fileID: 1873117837602322, guid: d4395a033bba949a3bb0008ff4898610, type: 3}
      propertyPath: m_Name
      value: cabinet-kitchen-small (1)
      objectReference: {fileID: 0}
    - target: {fileID: 4149594466066742, guid: d4395a033bba949a3bb0008ff4898610, type: 3}
      propertyPath: m_RootOrder
      value: 11
      objectReference: {fileID: 0}
    - target: {fileID: 4149594466066742, guid: d4395a033bba949a3bb0008ff4898610, type: 3}
      propertyPath: m_LocalScale.x
      value: 4
      objectReference: {fileID: 0}
    - target: {fileID: 4149594466066742, guid: d4395a033bba949a3bb0008ff4898610, type: 3}
      propertyPath: m_LocalScale.y
      value: 2.5
      objectReference: {fileID: 0}
    - target: {fileID: 4149594466066742, guid: d4395a033bba949a3bb0008ff4898610, type: 3}
      propertyPath: m_LocalScale.z
      value: 2.5
      objectReference: {fileID: 0}
    - target: {fileID: 4149594466066742, guid: d4395a033bba949a3bb0008ff4898610, type: 3}
      propertyPath: m_LocalPosition.x
      value: 3.7809997
      objectReference: {fileID: 0}
    - target: {fileID: 4149594466066742, guid: d4395a033bba949a3bb0008ff4898610, type: 3}
      propertyPath: m_LocalPosition.y
      value: 0.45
      objectReference: {fileID: 0}
    - target: {fileID: 4149594466066742, guid: d4395a033bba949a3bb0008ff4898610, type: 3}
      propertyPath: m_LocalPosition.z
      value: -1.85
      objectReference: {fileID: 0}
    - target: {fileID: 4149594466066742, guid: d4395a033bba949a3bb0008ff4898610, type: 3}
      propertyPath: m_LocalRotation.w
      value: 0.7071068
      objectReference: {fileID: 0}
    - target: {fileID: 4149594466066742, guid: d4395a033bba949a3bb0008ff4898610, type: 3}
      propertyPath: m_LocalRotation.x
      value: 0
      objectReference: {fileID: 0}
    - target: {fileID: 4149594466066742, guid: d4395a033bba949a3bb0008ff4898610, type: 3}
      propertyPath: m_LocalRotation.y
      value: -0.7071068
      objectReference: {fileID: 0}
    - target: {fileID: 4149594466066742, guid: d4395a033bba949a3bb0008ff4898610, type: 3}
      propertyPath: m_LocalRotation.z
      value: 0
      objectReference: {fileID: 0}
    - target: {fileID: 4149594466066742, guid: d4395a033bba949a3bb0008ff4898610, type: 3}
      propertyPath: m_LocalEulerAnglesHint.x
      value: 0
      objectReference: {fileID: 0}
    - target: {fileID: 4149594466066742, guid: d4395a033bba949a3bb0008ff4898610, type: 3}
      propertyPath: m_LocalEulerAnglesHint.y
      value: -90
      objectReference: {fileID: 0}
    - target: {fileID: 4149594466066742, guid: d4395a033bba949a3bb0008ff4898610, type: 3}
      propertyPath: m_LocalEulerAnglesHint.z
      value: 0
      objectReference: {fileID: 0}
    - target: {fileID: 23140457951852756, guid: d4395a033bba949a3bb0008ff4898610, type: 3}
      propertyPath: m_Materials.Array.data[1]
      value: 
      objectReference: {fileID: 2100000, guid: ed113f9879e8e6c4ca8c6bd123f9a6c2, type: 2}
    - target: {fileID: 23140457951852756, guid: d4395a033bba949a3bb0008ff4898610, type: 3}
      propertyPath: m_Materials.Array.data[2]
      value: 
      objectReference: {fileID: 2100000, guid: ed113f9879e8e6c4ca8c6bd123f9a6c2, type: 2}
    - target: {fileID: 65194921123608364, guid: d4395a033bba949a3bb0008ff4898610, type: 3}
      propertyPath: m_Enabled
      value: 0
      objectReference: {fileID: 0}
    m_RemovedComponents: []
  m_SourcePrefab: {fileID: 100100000, guid: d4395a033bba949a3bb0008ff4898610, type: 3}
--- !u!4 &4571881110892591650 stripped
Transform:
  m_CorrespondingSourceObject: {fileID: 4149594466066742, guid: d4395a033bba949a3bb0008ff4898610, type: 3}
  m_PrefabInstance: {fileID: 4574579343565429524}
  m_PrefabAsset: {fileID: 0}
--- !u!1001 &5292419350572314150
PrefabInstance:
  m_ObjectHideFlags: 0
  serializedVersion: 2
  m_Modification:
    m_TransformParent: {fileID: 8878726891774935298}
    m_Modifications:
    - target: {fileID: 1564133361425200, guid: de81fcf5b96ab4f50855c991af714185, type: 3}
      propertyPath: m_Name
      value: oven
      objectReference: {fileID: 0}
    - target: {fileID: 4063465120524222, guid: de81fcf5b96ab4f50855c991af714185, type: 3}
      propertyPath: m_RootOrder
      value: 1
      objectReference: {fileID: 0}
    - target: {fileID: 4063465120524222, guid: de81fcf5b96ab4f50855c991af714185, type: 3}
      propertyPath: m_LocalScale.x
      value: 2.5
      objectReference: {fileID: 0}
    - target: {fileID: 4063465120524222, guid: de81fcf5b96ab4f50855c991af714185, type: 3}
      propertyPath: m_LocalScale.y
      value: 2.5
      objectReference: {fileID: 0}
    - target: {fileID: 4063465120524222, guid: de81fcf5b96ab4f50855c991af714185, type: 3}
      propertyPath: m_LocalScale.z
      value: 2.5
      objectReference: {fileID: 0}
    - target: {fileID: 4063465120524222, guid: de81fcf5b96ab4f50855c991af714185, type: 3}
      propertyPath: m_LocalPosition.x
      value: 3.7809997
      objectReference: {fileID: 0}
    - target: {fileID: 4063465120524222, guid: de81fcf5b96ab4f50855c991af714185, type: 3}
      propertyPath: m_LocalPosition.y
      value: 0.45
      objectReference: {fileID: 0}
    - target: {fileID: 4063465120524222, guid: de81fcf5b96ab4f50855c991af714185, type: 3}
      propertyPath: m_LocalPosition.z
      value: 1.08
      objectReference: {fileID: 0}
    - target: {fileID: 4063465120524222, guid: de81fcf5b96ab4f50855c991af714185, type: 3}
      propertyPath: m_LocalRotation.w
      value: 0.70710355
      objectReference: {fileID: 0}
    - target: {fileID: 4063465120524222, guid: de81fcf5b96ab4f50855c991af714185, type: 3}
      propertyPath: m_LocalRotation.x
      value: -0
      objectReference: {fileID: 0}
    - target: {fileID: 4063465120524222, guid: de81fcf5b96ab4f50855c991af714185, type: 3}
      propertyPath: m_LocalRotation.y
      value: -0.7071101
      objectReference: {fileID: 0}
    - target: {fileID: 4063465120524222, guid: de81fcf5b96ab4f50855c991af714185, type: 3}
      propertyPath: m_LocalRotation.z
      value: -0
      objectReference: {fileID: 0}
    - target: {fileID: 4063465120524222, guid: de81fcf5b96ab4f50855c991af714185, type: 3}
      propertyPath: m_LocalEulerAnglesHint.x
      value: 0
      objectReference: {fileID: 0}
    - target: {fileID: 4063465120524222, guid: de81fcf5b96ab4f50855c991af714185, type: 3}
      propertyPath: m_LocalEulerAnglesHint.y
      value: -90.001
      objectReference: {fileID: 0}
    - target: {fileID: 4063465120524222, guid: de81fcf5b96ab4f50855c991af714185, type: 3}
      propertyPath: m_LocalEulerAnglesHint.z
      value: 0
      objectReference: {fileID: 0}
    - target: {fileID: 23108873509250614, guid: de81fcf5b96ab4f50855c991af714185, type: 3}
      propertyPath: m_Materials.Array.data[0]
      value: 
      objectReference: {fileID: 2100000, guid: ed113f9879e8e6c4ca8c6bd123f9a6c2, type: 2}
    - target: {fileID: 23108873509250614, guid: de81fcf5b96ab4f50855c991af714185, type: 3}
      propertyPath: m_Materials.Array.data[3]
      value: 
      objectReference: {fileID: 2100000, guid: ed113f9879e8e6c4ca8c6bd123f9a6c2, type: 2}
    - target: {fileID: 65094474414598176, guid: de81fcf5b96ab4f50855c991af714185, type: 3}
      propertyPath: m_Enabled
      value: 0
      objectReference: {fileID: 0}
    m_RemovedComponents: []
  m_SourcePrefab: {fileID: 100100000, guid: de81fcf5b96ab4f50855c991af714185, type: 3}
--- !u!4 &5295139048167623064 stripped
Transform:
  m_CorrespondingSourceObject: {fileID: 4063465120524222, guid: de81fcf5b96ab4f50855c991af714185, type: 3}
  m_PrefabInstance: {fileID: 5292419350572314150}
  m_PrefabAsset: {fileID: 0}
--- !u!1001 &6333340744515387728
PrefabInstance:
  m_ObjectHideFlags: 0
  serializedVersion: 2
  m_Modification:
    m_TransformParent: {fileID: 8878726891774935298}
    m_Modifications:
    - target: {fileID: 2571072184365130191, guid: f0bc4a5d03609da4ea45401c92510922, type: 3}
      propertyPath: m_RootOrder
      value: 10
      objectReference: {fileID: 0}
    - target: {fileID: 2571072184365130191, guid: f0bc4a5d03609da4ea45401c92510922, type: 3}
      propertyPath: m_LocalScale.x
      value: 2.5
      objectReference: {fileID: 0}
    - target: {fileID: 2571072184365130191, guid: f0bc4a5d03609da4ea45401c92510922, type: 3}
      propertyPath: m_LocalScale.y
      value: 2.5
      objectReference: {fileID: 0}
    - target: {fileID: 2571072184365130191, guid: f0bc4a5d03609da4ea45401c92510922, type: 3}
      propertyPath: m_LocalScale.z
      value: 2.5
      objectReference: {fileID: 0}
    - target: {fileID: 2571072184365130191, guid: f0bc4a5d03609da4ea45401c92510922, type: 3}
      propertyPath: m_LocalPosition.x
      value: 2.13
      objectReference: {fileID: 0}
    - target: {fileID: 2571072184365130191, guid: f0bc4a5d03609da4ea45401c92510922, type: 3}
      propertyPath: m_LocalPosition.y
      value: 2.7500007
      objectReference: {fileID: 0}
    - target: {fileID: 2571072184365130191, guid: f0bc4a5d03609da4ea45401c92510922, type: 3}
      propertyPath: m_LocalPosition.z
      value: -3.67
      objectReference: {fileID: 0}
    - target: {fileID: 2571072184365130191, guid: f0bc4a5d03609da4ea45401c92510922, type: 3}
      propertyPath: m_LocalRotation.w
      value: 1
      objectReference: {fileID: 0}
    - target: {fileID: 2571072184365130191, guid: f0bc4a5d03609da4ea45401c92510922, type: 3}
      propertyPath: m_LocalRotation.x
      value: -0
      objectReference: {fileID: 0}
    - target: {fileID: 2571072184365130191, guid: f0bc4a5d03609da4ea45401c92510922, type: 3}
      propertyPath: m_LocalRotation.y
      value: -0
      objectReference: {fileID: 0}
    - target: {fileID: 2571072184365130191, guid: f0bc4a5d03609da4ea45401c92510922, type: 3}
      propertyPath: m_LocalRotation.z
      value: -0
      objectReference: {fileID: 0}
    - target: {fileID: 2571072184365130191, guid: f0bc4a5d03609da4ea45401c92510922, type: 3}
      propertyPath: m_LocalEulerAnglesHint.x
      value: 0
      objectReference: {fileID: 0}
    - target: {fileID: 2571072184365130191, guid: f0bc4a5d03609da4ea45401c92510922, type: 3}
      propertyPath: m_LocalEulerAnglesHint.y
      value: 0
      objectReference: {fileID: 0}
    - target: {fileID: 2571072184365130191, guid: f0bc4a5d03609da4ea45401c92510922, type: 3}
      propertyPath: m_LocalEulerAnglesHint.z
      value: 0
      objectReference: {fileID: 0}
    - target: {fileID: 2571072184365563375, guid: f0bc4a5d03609da4ea45401c92510922, type: 3}
      propertyPath: m_Name
      value: coffee-cup-paper
      objectReference: {fileID: 0}
    - target: {fileID: 6770597175041613195, guid: f0bc4a5d03609da4ea45401c92510922, type: 3}
      propertyPath: m_Enabled
      value: 0
      objectReference: {fileID: 0}
    m_RemovedComponents: []
  m_SourcePrefab: {fileID: 100100000, guid: f0bc4a5d03609da4ea45401c92510922, type: 3}
--- !u!1 &8379724863403080895 stripped
GameObject:
  m_CorrespondingSourceObject: {fileID: 2571072184365563375, guid: f0bc4a5d03609da4ea45401c92510922, type: 3}
  m_PrefabInstance: {fileID: 6333340744515387728}
  m_PrefabAsset: {fileID: 0}
--- !u!4 &8379724863402778783 stripped
Transform:
  m_CorrespondingSourceObject: {fileID: 2571072184365130191, guid: f0bc4a5d03609da4ea45401c92510922, type: 3}
  m_PrefabInstance: {fileID: 6333340744515387728}
  m_PrefabAsset: {fileID: 0}
--- !u!65 &1868953654948051788
BoxCollider:
  m_ObjectHideFlags: 0
  m_CorrespondingSourceObject: {fileID: 0}
  m_PrefabInstance: {fileID: 0}
  m_PrefabAsset: {fileID: 0}
  m_GameObject: {fileID: 8379724863403080895}
  m_Material: {fileID: 0}
  m_IsTrigger: 0
  m_Enabled: 1
  serializedVersion: 2
  m_Size: {x: 0.10447969, y: 0.15126659, z: 0.102892414}
  m_Center: {x: 0.000000059604645, y: 0.07577532, z: -0.0013570338}
--- !u!1001 &7218179224886968220
PrefabInstance:
  m_ObjectHideFlags: 0
  serializedVersion: 2
  m_Modification:
    m_TransformParent: {fileID: 2440886458451550336}
    m_Modifications:
    - target: {fileID: -9102076317416759583, guid: 525367053f9c0214ea68cc0132319cc1, type: 3}
      propertyPath: m_LocalPosition.x
      value: 0
      objectReference: {fileID: 0}
    - target: {fileID: -9102076317416759583, guid: 525367053f9c0214ea68cc0132319cc1, type: 3}
      propertyPath: m_LocalPosition.z
      value: 0
      objectReference: {fileID: 0}
    - target: {fileID: -8679921383154817045, guid: 525367053f9c0214ea68cc0132319cc1, type: 3}
      propertyPath: m_RootOrder
      value: 0
      objectReference: {fileID: 0}
    - target: {fileID: -8679921383154817045, guid: 525367053f9c0214ea68cc0132319cc1, type: 3}
      propertyPath: m_LocalScale.x
      value: 1
      objectReference: {fileID: 0}
    - target: {fileID: -8679921383154817045, guid: 525367053f9c0214ea68cc0132319cc1, type: 3}
      propertyPath: m_LocalScale.y
      value: 1
      objectReference: {fileID: 0}
    - target: {fileID: -8679921383154817045, guid: 525367053f9c0214ea68cc0132319cc1, type: 3}
      propertyPath: m_LocalScale.z
      value: 1
      objectReference: {fileID: 0}
    - target: {fileID: -8679921383154817045, guid: 525367053f9c0214ea68cc0132319cc1, type: 3}
      propertyPath: m_LocalPosition.x
      value: 0
      objectReference: {fileID: 0}
    - target: {fileID: -8679921383154817045, guid: 525367053f9c0214ea68cc0132319cc1, type: 3}
      propertyPath: m_LocalPosition.y
      value: 0
      objectReference: {fileID: 0}
    - target: {fileID: -8679921383154817045, guid: 525367053f9c0214ea68cc0132319cc1, type: 3}
      propertyPath: m_LocalPosition.z
      value: 0
      objectReference: {fileID: 0}
    - target: {fileID: -8679921383154817045, guid: 525367053f9c0214ea68cc0132319cc1, type: 3}
      propertyPath: m_LocalRotation.w
      value: 1
      objectReference: {fileID: 0}
    - target: {fileID: -8679921383154817045, guid: 525367053f9c0214ea68cc0132319cc1, type: 3}
      propertyPath: m_LocalRotation.x
      value: -0
      objectReference: {fileID: 0}
    - target: {fileID: -8679921383154817045, guid: 525367053f9c0214ea68cc0132319cc1, type: 3}
      propertyPath: m_LocalRotation.y
      value: -0
      objectReference: {fileID: 0}
    - target: {fileID: -8679921383154817045, guid: 525367053f9c0214ea68cc0132319cc1, type: 3}
      propertyPath: m_LocalRotation.z
      value: -0
      objectReference: {fileID: 0}
    - target: {fileID: -8679921383154817045, guid: 525367053f9c0214ea68cc0132319cc1, type: 3}
      propertyPath: m_LocalEulerAnglesHint.x
      value: 0
      objectReference: {fileID: 0}
    - target: {fileID: -8679921383154817045, guid: 525367053f9c0214ea68cc0132319cc1, type: 3}
      propertyPath: m_LocalEulerAnglesHint.y
      value: 0
      objectReference: {fileID: 0}
    - target: {fileID: -8679921383154817045, guid: 525367053f9c0214ea68cc0132319cc1, type: 3}
      propertyPath: m_LocalEulerAnglesHint.z
      value: 0
      objectReference: {fileID: 0}
    - target: {fileID: -7918335002988649766, guid: 525367053f9c0214ea68cc0132319cc1, type: 3}
      propertyPath: m_Materials.Array.data[0]
      value: 
      objectReference: {fileID: 2100000, guid: 849255650a244cd4894b0104bfdf34cd, type: 2}
    - target: {fileID: -4292154010595695564, guid: 525367053f9c0214ea68cc0132319cc1, type: 3}
      propertyPath: m_LocalPosition.x
      value: 1.277139
      objectReference: {fileID: 0}
    - target: {fileID: -4025470130324596155, guid: 525367053f9c0214ea68cc0132319cc1, type: 3}
      propertyPath: m_LocalPosition.x
      value: 1.302541
      objectReference: {fileID: 0}
    - target: {fileID: -3542852092398272455, guid: 525367053f9c0214ea68cc0132319cc1, type: 3}
      propertyPath: m_LocalPosition.x
      value: 1.3029999
      objectReference: {fileID: 0}
    - target: {fileID: -2577548232221058511, guid: 525367053f9c0214ea68cc0132319cc1, type: 3}
      propertyPath: m_LocalPosition.x
      value: 1.3026478
      objectReference: {fileID: 0}
    - target: {fileID: -1538112130698044685, guid: 525367053f9c0214ea68cc0132319cc1, type: 3}
      propertyPath: m_LocalScale.x
      value: 49.575222
      objectReference: {fileID: 0}
    - target: {fileID: -1538112130698044685, guid: 525367053f9c0214ea68cc0132319cc1, type: 3}
      propertyPath: m_LocalScale.y
      value: 64.135574
      objectReference: {fileID: 0}
    - target: {fileID: -1538112130698044685, guid: 525367053f9c0214ea68cc0132319cc1, type: 3}
      propertyPath: m_LocalScale.z
      value: 79.490845
      objectReference: {fileID: 0}
    - target: {fileID: -1255605710908113952, guid: 525367053f9c0214ea68cc0132319cc1, type: 3}
      propertyPath: m_LocalPosition.x
      value: 1.303
      objectReference: {fileID: 0}
    - target: {fileID: 919132149155446097, guid: 525367053f9c0214ea68cc0132319cc1, type: 3}
      propertyPath: m_Name
      value: room
      objectReference: {fileID: 0}
    - target: {fileID: 4083501151425157549, guid: 525367053f9c0214ea68cc0132319cc1, type: 3}
      propertyPath: m_LocalPosition.x
      value: 0.465
      objectReference: {fileID: 0}
    - target: {fileID: 4083501151425157549, guid: 525367053f9c0214ea68cc0132319cc1, type: 3}
      propertyPath: m_LocalPosition.y
      value: 1.432
      objectReference: {fileID: 0}
    - target: {fileID: 6584706424379033704, guid: 525367053f9c0214ea68cc0132319cc1, type: 3}
      propertyPath: m_Materials.Array.data[2]
      value: 
      objectReference: {fileID: 2100000, guid: dadfc210807067942a558d194c975e45, type: 2}
    m_RemovedComponents: []
  m_SourcePrefab: {fileID: 100100000, guid: 525367053f9c0214ea68cc0132319cc1, type: 3}
--- !u!4 &7180609997552785527 stripped
Transform:
  m_CorrespondingSourceObject: {fileID: -8679921383154817045, guid: 525367053f9c0214ea68cc0132319cc1, type: 3}
  m_PrefabInstance: {fileID: 7218179224886968220}
  m_PrefabAsset: {fileID: 0}
--- !u!1 &7560829173744321229 stripped
GameObject:
  m_CorrespondingSourceObject: {fileID: 919132149155446097, guid: 525367053f9c0214ea68cc0132319cc1, type: 3}
  m_PrefabInstance: {fileID: 7218179224886968220}
  m_PrefabAsset: {fileID: 0}
--- !u!65 &2997911096395785664
BoxCollider:
  m_ObjectHideFlags: 0
  m_CorrespondingSourceObject: {fileID: 0}
  m_PrefabInstance: {fileID: 0}
  m_PrefabAsset: {fileID: 0}
  m_GameObject: {fileID: 7560829173744321229}
  m_Material: {fileID: 0}
  m_IsTrigger: 0
  m_Enabled: 1
  serializedVersion: 2
  m_Size: {x: 0.09606928, y: 3.0476637, z: 3.004751}
  m_Center: {x: -1.4643694, y: 1.505635, z: -0.008048117}
--- !u!65 &5742706078860012988
BoxCollider:
  m_ObjectHideFlags: 0
  m_CorrespondingSourceObject: {fileID: 0}
  m_PrefabInstance: {fileID: 0}
  m_PrefabAsset: {fileID: 0}
  m_GameObject: {fileID: 7560829173744321229}
  m_Material: {fileID: 0}
  m_IsTrigger: 0
  m_Enabled: 1
  serializedVersion: 2
  m_Size: {x: 3.04579, y: 3.0183291, z: 0.14120564}
  m_Center: {x: 0.006865263, y: 1.5034491, z: -1.4499941}
--- !u!65 &5976392211405366364
BoxCollider:
  m_ObjectHideFlags: 0
  m_CorrespondingSourceObject: {fileID: 0}
  m_PrefabInstance: {fileID: 0}
  m_PrefabAsset: {fileID: 0}
  m_GameObject: {fileID: 7560829173744321229}
  m_Material: {fileID: 0}
  m_IsTrigger: 0
  m_Enabled: 1
  serializedVersion: 2
  m_Size: {x: 3.0250762, y: 0.12545192, z: 3.0130205}
  m_Center: {x: 0.0000008940697, y: 0.06298478, z: -0.0060270727}
--- !u!65 &7882568704944274259
BoxCollider:
  m_ObjectHideFlags: 0
  m_CorrespondingSourceObject: {fileID: 0}
  m_PrefabInstance: {fileID: 0}
  m_PrefabAsset: {fileID: 0}
  m_GameObject: {fileID: 7560829173744321229}
  m_Material: {fileID: 0}
  m_IsTrigger: 0
  m_Enabled: 1
  serializedVersion: 2
  m_Size: {x: 0.14994591, y: 3.0010352, z: 3.0152574}
  m_Center: {x: 1.4415504, y: 1.5174515, z: -0.004362017}
--- !u!1001 &7899028767004073754
PrefabInstance:
  m_ObjectHideFlags: 0
  serializedVersion: 2
  m_Modification:
    m_TransformParent: {fileID: 8878726891774935298}
    m_Modifications:
    - target: {fileID: 1802417043427508, guid: 734edb37fe2e543cd979c690973ac6e2, type: 3}
      propertyPath: m_Name
      value: fridge
      objectReference: {fileID: 0}
    - target: {fileID: 1802417043427508, guid: 734edb37fe2e543cd979c690973ac6e2, type: 3}
      propertyPath: m_IsActive
      value: 0
      objectReference: {fileID: 0}
    - target: {fileID: 4915677869007674, guid: 734edb37fe2e543cd979c690973ac6e2, type: 3}
      propertyPath: m_RootOrder
      value: 2
      objectReference: {fileID: 0}
    - target: {fileID: 4915677869007674, guid: 734edb37fe2e543cd979c690973ac6e2, type: 3}
      propertyPath: m_LocalScale.x
      value: 2.5
      objectReference: {fileID: 0}
    - target: {fileID: 4915677869007674, guid: 734edb37fe2e543cd979c690973ac6e2, type: 3}
      propertyPath: m_LocalScale.y
      value: 2.5
      objectReference: {fileID: 0}
    - target: {fileID: 4915677869007674, guid: 734edb37fe2e543cd979c690973ac6e2, type: 3}
      propertyPath: m_LocalScale.z
      value: 2.5
      objectReference: {fileID: 0}
    - target: {fileID: 4915677869007674, guid: 734edb37fe2e543cd979c690973ac6e2, type: 3}
      propertyPath: m_LocalPosition.x
      value: -1.44
      objectReference: {fileID: 0}
    - target: {fileID: 4915677869007674, guid: 734edb37fe2e543cd979c690973ac6e2, type: 3}
      propertyPath: m_LocalPosition.y
      value: 0.45
      objectReference: {fileID: 0}
    - target: {fileID: 4915677869007674, guid: 734edb37fe2e543cd979c690973ac6e2, type: 3}
      propertyPath: m_LocalPosition.z
      value: -3.8
      objectReference: {fileID: 0}
    - target: {fileID: 4915677869007674, guid: 734edb37fe2e543cd979c690973ac6e2, type: 3}
      propertyPath: m_LocalRotation.w
      value: 1
      objectReference: {fileID: 0}
    - target: {fileID: 4915677869007674, guid: 734edb37fe2e543cd979c690973ac6e2, type: 3}
      propertyPath: m_LocalRotation.x
      value: 0
      objectReference: {fileID: 0}
    - target: {fileID: 4915677869007674, guid: 734edb37fe2e543cd979c690973ac6e2, type: 3}
      propertyPath: m_LocalRotation.y
      value: -0
      objectReference: {fileID: 0}
    - target: {fileID: 4915677869007674, guid: 734edb37fe2e543cd979c690973ac6e2, type: 3}
      propertyPath: m_LocalRotation.z
      value: -0
      objectReference: {fileID: 0}
    - target: {fileID: 4915677869007674, guid: 734edb37fe2e543cd979c690973ac6e2, type: 3}
      propertyPath: m_LocalEulerAnglesHint.x
      value: 0
      objectReference: {fileID: 0}
    - target: {fileID: 4915677869007674, guid: 734edb37fe2e543cd979c690973ac6e2, type: 3}
      propertyPath: m_LocalEulerAnglesHint.y
      value: 0
      objectReference: {fileID: 0}
    - target: {fileID: 4915677869007674, guid: 734edb37fe2e543cd979c690973ac6e2, type: 3}
      propertyPath: m_LocalEulerAnglesHint.z
      value: 0
      objectReference: {fileID: 0}
    - target: {fileID: 23076552637337076, guid: 734edb37fe2e543cd979c690973ac6e2, type: 3}
      propertyPath: m_Materials.Array.data[1]
      value: 
      objectReference: {fileID: 2100000, guid: ed113f9879e8e6c4ca8c6bd123f9a6c2, type: 2}
    - target: {fileID: 23076552637337076, guid: 734edb37fe2e543cd979c690973ac6e2, type: 3}
      propertyPath: m_Materials.Array.data[2]
      value: 
      objectReference: {fileID: 2100000, guid: ed113f9879e8e6c4ca8c6bd123f9a6c2, type: 2}
    - target: {fileID: 65341063372144192, guid: 734edb37fe2e543cd979c690973ac6e2, type: 3}
      propertyPath: m_Enabled
      value: 0
      objectReference: {fileID: 0}
    m_RemovedComponents: []
  m_SourcePrefab: {fileID: 100100000, guid: 734edb37fe2e543cd979c690973ac6e2, type: 3}
--- !u!4 &7894680509616815136 stripped
Transform:
  m_CorrespondingSourceObject: {fileID: 4915677869007674, guid: 734edb37fe2e543cd979c690973ac6e2, type: 3}
  m_PrefabInstance: {fileID: 7899028767004073754}
  m_PrefabAsset: {fileID: 0}
--- !u!1001 &8028704565901564991
PrefabInstance:
  m_ObjectHideFlags: 0
  serializedVersion: 2
  m_Modification:
    m_TransformParent: {fileID: 8878726891774935298}
    m_Modifications:
    - target: {fileID: 1123737800675848, guid: eaa31823d38274a95afc3a2368feef6b, type: 3}
      propertyPath: m_Name
      value: cabinet-kitchen-large
      objectReference: {fileID: 0}
    - target: {fileID: 4184539243873102, guid: eaa31823d38274a95afc3a2368feef6b, type: 3}
      propertyPath: m_RootOrder
      value: 6
      objectReference: {fileID: 0}
    - target: {fileID: 4184539243873102, guid: eaa31823d38274a95afc3a2368feef6b, type: 3}
      propertyPath: m_LocalScale.x
      value: 1.81
      objectReference: {fileID: 0}
    - target: {fileID: 4184539243873102, guid: eaa31823d38274a95afc3a2368feef6b, type: 3}
      propertyPath: m_LocalScale.y
      value: 2.5
      objectReference: {fileID: 0}
    - target: {fileID: 4184539243873102, guid: eaa31823d38274a95afc3a2368feef6b, type: 3}
      propertyPath: m_LocalScale.z
      value: 2.5
      objectReference: {fileID: 0}
    - target: {fileID: 4184539243873102, guid: eaa31823d38274a95afc3a2368feef6b, type: 3}
      propertyPath: m_LocalPosition.x
      value: 3.781
      objectReference: {fileID: 0}
    - target: {fileID: 4184539243873102, guid: eaa31823d38274a95afc3a2368feef6b, type: 3}
      propertyPath: m_LocalPosition.y
      value: 0.45
      objectReference: {fileID: 0}
    - target: {fileID: 4184539243873102, guid: eaa31823d38274a95afc3a2368feef6b, type: 3}
      propertyPath: m_LocalPosition.z
      value: -3.5
      objectReference: {fileID: 0}
    - target: {fileID: 4184539243873102, guid: eaa31823d38274a95afc3a2368feef6b, type: 3}
      propertyPath: m_LocalRotation.w
      value: 0.7071068
      objectReference: {fileID: 0}
    - target: {fileID: 4184539243873102, guid: eaa31823d38274a95afc3a2368feef6b, type: 3}
      propertyPath: m_LocalRotation.x
      value: 0
      objectReference: {fileID: 0}
    - target: {fileID: 4184539243873102, guid: eaa31823d38274a95afc3a2368feef6b, type: 3}
      propertyPath: m_LocalRotation.y
      value: -0.7071068
      objectReference: {fileID: 0}
    - target: {fileID: 4184539243873102, guid: eaa31823d38274a95afc3a2368feef6b, type: 3}
      propertyPath: m_LocalRotation.z
      value: 0
      objectReference: {fileID: 0}
    - target: {fileID: 4184539243873102, guid: eaa31823d38274a95afc3a2368feef6b, type: 3}
      propertyPath: m_LocalEulerAnglesHint.x
      value: 0
      objectReference: {fileID: 0}
    - target: {fileID: 4184539243873102, guid: eaa31823d38274a95afc3a2368feef6b, type: 3}
      propertyPath: m_LocalEulerAnglesHint.y
      value: -90
      objectReference: {fileID: 0}
    - target: {fileID: 4184539243873102, guid: eaa31823d38274a95afc3a2368feef6b, type: 3}
      propertyPath: m_LocalEulerAnglesHint.z
      value: 0
      objectReference: {fileID: 0}
    - target: {fileID: 23769935926863600, guid: eaa31823d38274a95afc3a2368feef6b, type: 3}
      propertyPath: m_Materials.Array.data[1]
      value: 
      objectReference: {fileID: 2100000, guid: ed113f9879e8e6c4ca8c6bd123f9a6c2, type: 2}
    - target: {fileID: 65409039638630374, guid: eaa31823d38274a95afc3a2368feef6b, type: 3}
      propertyPath: m_Enabled
      value: 0
      objectReference: {fileID: 0}
    m_RemovedComponents: []
  m_SourcePrefab: {fileID: 100100000, guid: eaa31823d38274a95afc3a2368feef6b, type: 3}
--- !u!4 &8026942390028771185 stripped
Transform:
  m_CorrespondingSourceObject: {fileID: 4184539243873102, guid: eaa31823d38274a95afc3a2368feef6b, type: 3}
  m_PrefabInstance: {fileID: 8028704565901564991}
  m_PrefabAsset: {fileID: 0}
--- !u!1001 &8765208346288192725
PrefabInstance:
  m_ObjectHideFlags: 0
  serializedVersion: 2
  m_Modification:
    m_TransformParent: {fileID: 8878726891774935298}
    m_Modifications:
    - target: {fileID: 60523216227154401, guid: eeccf26cb8eea79498dd849c75c783e2, type: 3}
      propertyPath: m_LocalPosition.z
      value: -0.064
      objectReference: {fileID: 0}
    - target: {fileID: 145528989043303072, guid: eeccf26cb8eea79498dd849c75c783e2, type: 3}
      propertyPath: m_LocalPosition.x
      value: -0.0114
      objectReference: {fileID: 0}
    - target: {fileID: 145528989043303072, guid: eeccf26cb8eea79498dd849c75c783e2, type: 3}
      propertyPath: m_LocalPosition.y
      value: 0
      objectReference: {fileID: 0}
    - target: {fileID: 145528989043303072, guid: eeccf26cb8eea79498dd849c75c783e2, type: 3}
      propertyPath: m_LocalPosition.z
      value: 0.0737
      objectReference: {fileID: 0}
    - target: {fileID: 160751468326430858, guid: eeccf26cb8eea79498dd849c75c783e2, type: 3}
      propertyPath: m_LocalPosition.x
      value: -0.0007
      objectReference: {fileID: 0}
    - target: {fileID: 160751468326430858, guid: eeccf26cb8eea79498dd849c75c783e2, type: 3}
      propertyPath: m_LocalPosition.y
      value: 0.0101
      objectReference: {fileID: 0}
    - target: {fileID: 160751468326430858, guid: eeccf26cb8eea79498dd849c75c783e2, type: 3}
      propertyPath: m_LocalPosition.z
      value: 0.0737
      objectReference: {fileID: 0}
    - target: {fileID: 609592558691267228, guid: eeccf26cb8eea79498dd849c75c783e2, type: 3}
      propertyPath: m_LocalPosition.x
      value: 0.0087
      objectReference: {fileID: 0}
    - target: {fileID: 609592558691267228, guid: eeccf26cb8eea79498dd849c75c783e2, type: 3}
      propertyPath: m_LocalPosition.y
      value: -0.011
      objectReference: {fileID: 0}
    - target: {fileID: 609592558691267228, guid: eeccf26cb8eea79498dd849c75c783e2, type: 3}
      propertyPath: m_LocalPosition.z
      value: 0.0737
      objectReference: {fileID: 0}
    - target: {fileID: 737124576734365496, guid: eeccf26cb8eea79498dd849c75c783e2, type: 3}
      propertyPath: m_LocalPosition.x
      value: 0.061
      objectReference: {fileID: 0}
    - target: {fileID: 737124576734365496, guid: eeccf26cb8eea79498dd849c75c783e2, type: 3}
      propertyPath: m_LocalPosition.y
      value: 0.534
      objectReference: {fileID: 0}
    - target: {fileID: 737124576734365496, guid: eeccf26cb8eea79498dd849c75c783e2, type: 3}
      propertyPath: m_LocalPosition.z
      value: 0.029999994
      objectReference: {fileID: 0}
    - target: {fileID: 737124576734365496, guid: eeccf26cb8eea79498dd849c75c783e2, type: 3}
      propertyPath: m_LocalRotation.w
      value: 0.9733541
      objectReference: {fileID: 0}
    - target: {fileID: 737124576734365496, guid: eeccf26cb8eea79498dd849c75c783e2, type: 3}
      propertyPath: m_LocalRotation.y
      value: -0.22930716
      objectReference: {fileID: 0}
    - target: {fileID: 737124576734365496, guid: eeccf26cb8eea79498dd849c75c783e2, type: 3}
      propertyPath: m_LocalEulerAnglesHint.y
      value: -26.513
      objectReference: {fileID: 0}
    - target: {fileID: 1378313856708105960, guid: eeccf26cb8eea79498dd849c75c783e2, type: 3}
      propertyPath: m_LocalPosition.x
      value: -0.064
      objectReference: {fileID: 0}
    - target: {fileID: 1378313856708105960, guid: eeccf26cb8eea79498dd849c75c783e2, type: 3}
      propertyPath: m_LocalPosition.y
      value: 0.537
      objectReference: {fileID: 0}
    - target: {fileID: 1378313856708105960, guid: eeccf26cb8eea79498dd849c75c783e2, type: 3}
      propertyPath: m_LocalPosition.z
      value: 0.035
      objectReference: {fileID: 0}
    - target: {fileID: 1641208077301779943, guid: eeccf26cb8eea79498dd849c75c783e2, type: 3}
      propertyPath: m_IsActive
      value: 0
      objectReference: {fileID: 0}
    - target: {fileID: 1702140661849062745, guid: eeccf26cb8eea79498dd849c75c783e2, type: 3}
      propertyPath: m_LocalPosition.x
      value: 0.0309
      objectReference: {fileID: 0}
    - target: {fileID: 1702140661849062745, guid: eeccf26cb8eea79498dd849c75c783e2, type: 3}
      propertyPath: m_LocalPosition.y
      value: -0.0139
      objectReference: {fileID: 0}
    - target: {fileID: 1702140661849062745, guid: eeccf26cb8eea79498dd849c75c783e2, type: 3}
      propertyPath: m_LocalPosition.z
      value: 0.0993
      objectReference: {fileID: 0}
    - target: {fileID: 2160110095183826969, guid: eeccf26cb8eea79498dd849c75c783e2, type: 3}
      propertyPath: m_IsActive
      value: 0
      objectReference: {fileID: 0}
    - target: {fileID: 2327756297672314255, guid: eeccf26cb8eea79498dd849c75c783e2, type: 3}
      propertyPath: m_LocalPosition.z
      value: -0.064
      objectReference: {fileID: 0}
    - target: {fileID: 2334037629930469041, guid: eeccf26cb8eea79498dd849c75c783e2, type: 3}
      propertyPath: m_IsActive
      value: 0
      objectReference: {fileID: 0}
    - target: {fileID: 2377301637678426126, guid: eeccf26cb8eea79498dd849c75c783e2, type: 3}
      propertyPath: m_IsActive
      value: 0
      objectReference: {fileID: 0}
    - target: {fileID: 3286909005807210459, guid: eeccf26cb8eea79498dd849c75c783e2, type: 3}
      propertyPath: m_LocalPosition.x
      value: -0.376
      objectReference: {fileID: 0}
    - target: {fileID: 3286909005807210459, guid: eeccf26cb8eea79498dd849c75c783e2, type: 3}
      propertyPath: m_LocalPosition.y
      value: 0.552
      objectReference: {fileID: 0}
    - target: {fileID: 3286909005807210459, guid: eeccf26cb8eea79498dd849c75c783e2, type: 3}
      propertyPath: m_LocalPosition.z
      value: 0.106
      objectReference: {fileID: 0}
    - target: {fileID: 3521712580930319367, guid: eeccf26cb8eea79498dd849c75c783e2, type: 3}
      propertyPath: m_RootOrder
      value: 3
      objectReference: {fileID: 0}
    - target: {fileID: 3521712580930319367, guid: eeccf26cb8eea79498dd849c75c783e2, type: 3}
      propertyPath: m_LocalScale.x
      value: 4.5
      objectReference: {fileID: 0}
    - target: {fileID: 3521712580930319367, guid: eeccf26cb8eea79498dd849c75c783e2, type: 3}
      propertyPath: m_LocalScale.y
      value: 4.5
      objectReference: {fileID: 0}
    - target: {fileID: 3521712580930319367, guid: eeccf26cb8eea79498dd849c75c783e2, type: 3}
      propertyPath: m_LocalScale.z
      value: 4.5
      objectReference: {fileID: 0}
    - target: {fileID: 3521712580930319367, guid: eeccf26cb8eea79498dd849c75c783e2, type: 3}
      propertyPath: m_LocalPosition.x
      value: -1.57
      objectReference: {fileID: 0}
    - target: {fileID: 3521712580930319367, guid: eeccf26cb8eea79498dd849c75c783e2, type: 3}
      propertyPath: m_LocalPosition.y
      value: 0.44
      objectReference: {fileID: 0}
    - target: {fileID: 3521712580930319367, guid: eeccf26cb8eea79498dd849c75c783e2, type: 3}
      propertyPath: m_LocalPosition.z
      value: -3.25
      objectReference: {fileID: 0}
    - target: {fileID: 3521712580930319367, guid: eeccf26cb8eea79498dd849c75c783e2, type: 3}
      propertyPath: m_LocalRotation.w
      value: 1
      objectReference: {fileID: 0}
    - target: {fileID: 3521712580930319367, guid: eeccf26cb8eea79498dd849c75c783e2, type: 3}
      propertyPath: m_LocalRotation.x
      value: 0
      objectReference: {fileID: 0}
    - target: {fileID: 3521712580930319367, guid: eeccf26cb8eea79498dd849c75c783e2, type: 3}
      propertyPath: m_LocalRotation.y
      value: 0
      objectReference: {fileID: 0}
    - target: {fileID: 3521712580930319367, guid: eeccf26cb8eea79498dd849c75c783e2, type: 3}
      propertyPath: m_LocalRotation.z
      value: 0
      objectReference: {fileID: 0}
    - target: {fileID: 3521712580930319367, guid: eeccf26cb8eea79498dd849c75c783e2, type: 3}
      propertyPath: m_LocalEulerAnglesHint.x
      value: 0
      objectReference: {fileID: 0}
    - target: {fileID: 3521712580930319367, guid: eeccf26cb8eea79498dd849c75c783e2, type: 3}
      propertyPath: m_LocalEulerAnglesHint.y
      value: 0
      objectReference: {fileID: 0}
    - target: {fileID: 3521712580930319367, guid: eeccf26cb8eea79498dd849c75c783e2, type: 3}
      propertyPath: m_LocalEulerAnglesHint.z
      value: 0
      objectReference: {fileID: 0}
    - target: {fileID: 3723465941957408802, guid: eeccf26cb8eea79498dd849c75c783e2, type: 3}
      propertyPath: m_LocalPosition.x
      value: -0.00081
      objectReference: {fileID: 0}
    - target: {fileID: 3723465941957408802, guid: eeccf26cb8eea79498dd849c75c783e2, type: 3}
      propertyPath: m_LocalPosition.y
      value: 0.00445
      objectReference: {fileID: 0}
    - target: {fileID: 3723465941957408802, guid: eeccf26cb8eea79498dd849c75c783e2, type: 3}
      propertyPath: m_LocalPosition.z
      value: -0.00463
      objectReference: {fileID: 0}
    - target: {fileID: 3723465941957408802, guid: eeccf26cb8eea79498dd849c75c783e2, type: 3}
      propertyPath: m_LocalRotation.w
      value: 0.9999993
      objectReference: {fileID: 0}
    - target: {fileID: 3723465941957408802, guid: eeccf26cb8eea79498dd849c75c783e2, type: 3}
      propertyPath: m_LocalRotation.x
      value: 0.000000032992713
      objectReference: {fileID: 0}
    - target: {fileID: 3723465941957408802, guid: eeccf26cb8eea79498dd849c75c783e2, type: 3}
      propertyPath: m_LocalRotation.y
      value: -0.0011756121
      objectReference: {fileID: 0}
    - target: {fileID: 3723465941957408802, guid: eeccf26cb8eea79498dd849c75c783e2, type: 3}
      propertyPath: m_LocalRotation.z
      value: 0.00000005146481
      objectReference: {fileID: 0}
    - target: {fileID: 3723465941957408802, guid: eeccf26cb8eea79498dd849c75c783e2, type: 3}
      propertyPath: m_LocalEulerAnglesHint.y
      value: -0.135
      objectReference: {fileID: 0}
    - target: {fileID: 3817829938486223185, guid: eeccf26cb8eea79498dd849c75c783e2, type: 3}
      propertyPath: m_IsActive
      value: 0
      objectReference: {fileID: 0}
    - target: {fileID: 4079035225115916376, guid: eeccf26cb8eea79498dd849c75c783e2, type: 3}
      propertyPath: m_Enabled
      value: 1
      objectReference: {fileID: 0}
    - target: {fileID: 4091203214425212262, guid: eeccf26cb8eea79498dd849c75c783e2, type: 3}
      propertyPath: m_IsActive
      value: 0
      objectReference: {fileID: 0}
    - target: {fileID: 4276413591955163729, guid: eeccf26cb8eea79498dd849c75c783e2, type: 3}
      propertyPath: m_IsActive
      value: 0
      objectReference: {fileID: 0}
    - target: {fileID: 4441223766202838493, guid: eeccf26cb8eea79498dd849c75c783e2, type: 3}
      propertyPath: m_LocalPosition.x
      value: 0.0313
      objectReference: {fileID: 0}
    - target: {fileID: 4441223766202838493, guid: eeccf26cb8eea79498dd849c75c783e2, type: 3}
      propertyPath: m_LocalPosition.y
      value: -0.0013
      objectReference: {fileID: 0}
    - target: {fileID: 4441223766202838493, guid: eeccf26cb8eea79498dd849c75c783e2, type: 3}
      propertyPath: m_LocalPosition.z
      value: 0.0993
      objectReference: {fileID: 0}
    - target: {fileID: 4488445296178390011, guid: eeccf26cb8eea79498dd849c75c783e2, type: 3}
      propertyPath: m_IsActive
      value: 0
      objectReference: {fileID: 0}
    - target: {fileID: 4541723910377272319, guid: eeccf26cb8eea79498dd849c75c783e2, type: 3}
      propertyPath: m_Enabled
      value: 0
      objectReference: {fileID: 0}
    - target: {fileID: 4665374079315364465, guid: eeccf26cb8eea79498dd849c75c783e2, type: 3}
      propertyPath: m_LocalPosition.x
      value: 0
      objectReference: {fileID: 0}
    - target: {fileID: 4665374079315364465, guid: eeccf26cb8eea79498dd849c75c783e2, type: 3}
      propertyPath: m_LocalPosition.y
      value: 0
      objectReference: {fileID: 0}
    - target: {fileID: 4665374079315364465, guid: eeccf26cb8eea79498dd849c75c783e2, type: 3}
      propertyPath: m_LocalPosition.z
      value: 0
      objectReference: {fileID: 0}
    - target: {fileID: 4866732143898532378, guid: eeccf26cb8eea79498dd849c75c783e2, type: 3}
      propertyPath: m_Name
      value: Fridge
      objectReference: {fileID: 0}
    - target: {fileID: 4937348331611810350, guid: eeccf26cb8eea79498dd849c75c783e2, type: 3}
      propertyPath: m_IsActive
      value: 0
      objectReference: {fileID: 0}
    - target: {fileID: 5354313239654649766, guid: eeccf26cb8eea79498dd849c75c783e2, type: 3}
      propertyPath: m_LocalPosition.x
      value: -0.00082
      objectReference: {fileID: 0}
    - target: {fileID: 5354313239654649766, guid: eeccf26cb8eea79498dd849c75c783e2, type: 3}
      propertyPath: m_LocalPosition.y
      value: 0.00443
      objectReference: {fileID: 0}
    - target: {fileID: 5354313239654649766, guid: eeccf26cb8eea79498dd849c75c783e2, type: 3}
      propertyPath: m_LocalPosition.z
      value: -0.00338
      objectReference: {fileID: 0}
    - target: {fileID: 5354313239654649766, guid: eeccf26cb8eea79498dd849c75c783e2, type: 3}
      propertyPath: m_LocalRotation.w
      value: 0.99999547
      objectReference: {fileID: 0}
    - target: {fileID: 5354313239654649766, guid: eeccf26cb8eea79498dd849c75c783e2, type: 3}
      propertyPath: m_LocalRotation.x
      value: 0.00000003149963
      objectReference: {fileID: 0}
    - target: {fileID: 5354313239654649766, guid: eeccf26cb8eea79498dd849c75c783e2, type: 3}
      propertyPath: m_LocalRotation.y
      value: -0.0030371249
      objectReference: {fileID: 0}
    - target: {fileID: 5354313239654649766, guid: eeccf26cb8eea79498dd849c75c783e2, type: 3}
      propertyPath: m_LocalRotation.z
      value: 0.000000051614258
      objectReference: {fileID: 0}
    - target: {fileID: 5354313239654649766, guid: eeccf26cb8eea79498dd849c75c783e2, type: 3}
      propertyPath: m_LocalEulerAnglesHint.y
      value: -0.348
      objectReference: {fileID: 0}
    - target: {fileID: 5473583218922761682, guid: eeccf26cb8eea79498dd849c75c783e2, type: 3}
      propertyPath: m_LocalPosition.x
      value: -0.0092
      objectReference: {fileID: 0}
    - target: {fileID: 5473583218922761682, guid: eeccf26cb8eea79498dd849c75c783e2, type: 3}
      propertyPath: m_LocalPosition.y
      value: -0.011
      objectReference: {fileID: 0}
    - target: {fileID: 5473583218922761682, guid: eeccf26cb8eea79498dd849c75c783e2, type: 3}
      propertyPath: m_LocalPosition.z
      value: 0.0737
      objectReference: {fileID: 0}
    - target: {fileID: 5817855503809826632, guid: eeccf26cb8eea79498dd849c75c783e2, type: 3}
      propertyPath: m_LocalPosition.z
      value: -0.064
      objectReference: {fileID: 0}
    - target: {fileID: 5936420213478412344, guid: eeccf26cb8eea79498dd849c75c783e2, type: 3}
      propertyPath: m_LocalPosition.x
      value: 0.023
      objectReference: {fileID: 0}
    - target: {fileID: 5936420213478412344, guid: eeccf26cb8eea79498dd849c75c783e2, type: 3}
      propertyPath: m_LocalPosition.y
      value: 0.166
      objectReference: {fileID: 0}
    - target: {fileID: 5936420213478412344, guid: eeccf26cb8eea79498dd849c75c783e2, type: 3}
      propertyPath: m_LocalPosition.z
      value: 0.052
      objectReference: {fileID: 0}
    - target: {fileID: 5936420213478412344, guid: eeccf26cb8eea79498dd849c75c783e2, type: 3}
      propertyPath: m_LocalRotation.w
      value: 0.7318972
      objectReference: {fileID: 0}
    - target: {fileID: 5936420213478412344, guid: eeccf26cb8eea79498dd849c75c783e2, type: 3}
      propertyPath: m_LocalRotation.z
      value: 0.68141514
      objectReference: {fileID: 0}
    - target: {fileID: 5936420213478412344, guid: eeccf26cb8eea79498dd849c75c783e2, type: 3}
      propertyPath: m_LocalEulerAnglesHint.z
      value: 85.909
      objectReference: {fileID: 0}
    - target: {fileID: 5981590301633040126, guid: eeccf26cb8eea79498dd849c75c783e2, type: 3}
      propertyPath: m_LocalPosition.z
      value: 0.064
      objectReference: {fileID: 0}
    - target: {fileID: 6094628153151706032, guid: eeccf26cb8eea79498dd849c75c783e2, type: 3}
      propertyPath: m_LocalPosition.x
      value: 0
      objectReference: {fileID: 0}
    - target: {fileID: 6094628153151706032, guid: eeccf26cb8eea79498dd849c75c783e2, type: 3}
      propertyPath: m_LocalPosition.y
      value: 0
      objectReference: {fileID: 0}
    - target: {fileID: 6094628153151706032, guid: eeccf26cb8eea79498dd849c75c783e2, type: 3}
      propertyPath: m_LocalPosition.z
      value: 0
      objectReference: {fileID: 0}
    - target: {fileID: 6094628153151706032, guid: eeccf26cb8eea79498dd849c75c783e2, type: 3}
      propertyPath: m_LocalRotation.w
      value: 0.8687585
      objectReference: {fileID: 0}
    - target: {fileID: 6094628153151706032, guid: eeccf26cb8eea79498dd849c75c783e2, type: 3}
      propertyPath: m_LocalRotation.x
      value: -0
      objectReference: {fileID: 0}
    - target: {fileID: 6094628153151706032, guid: eeccf26cb8eea79498dd849c75c783e2, type: 3}
      propertyPath: m_LocalRotation.y
      value: -0.495236
      objectReference: {fileID: 0}
    - target: {fileID: 6094628153151706032, guid: eeccf26cb8eea79498dd849c75c783e2, type: 3}
      propertyPath: m_LocalEulerAnglesHint.y
      value: -59.371
      objectReference: {fileID: 0}
    - target: {fileID: 6284805190894651737, guid: eeccf26cb8eea79498dd849c75c783e2, type: 3}
      propertyPath: m_LocalPosition.x
      value: 0.0103
      objectReference: {fileID: 0}
    - target: {fileID: 6284805190894651737, guid: eeccf26cb8eea79498dd849c75c783e2, type: 3}
      propertyPath: m_LocalPosition.y
      value: 0.0009
      objectReference: {fileID: 0}
    - target: {fileID: 6284805190894651737, guid: eeccf26cb8eea79498dd849c75c783e2, type: 3}
      propertyPath: m_LocalPosition.z
      value: 0.0737
      objectReference: {fileID: 0}
    - target: {fileID: 6361668848045921348, guid: eeccf26cb8eea79498dd849c75c783e2, type: 3}
      propertyPath: m_IsActive
      value: 1
      objectReference: {fileID: 0}
    - target: {fileID: 6434896133634132988, guid: eeccf26cb8eea79498dd849c75c783e2, type: 3}
      propertyPath: m_IsActive
      value: 0
      objectReference: {fileID: 0}
    - target: {fileID: 6611912883543245392, guid: eeccf26cb8eea79498dd849c75c783e2, type: 3}
      propertyPath: m_LocalPosition.y
      value: 0.01194
      objectReference: {fileID: 0}
    - target: {fileID: 6692984199128708482, guid: eeccf26cb8eea79498dd849c75c783e2, type: 3}
      propertyPath: m_LocalPosition.z
      value: -0.00283
      objectReference: {fileID: 0}
    - target: {fileID: 6882626498968767483, guid: eeccf26cb8eea79498dd849c75c783e2, type: 3}
      propertyPath: m_Enabled
      value: 1
      objectReference: {fileID: 0}
    - target: {fileID: 7055975721863233641, guid: eeccf26cb8eea79498dd849c75c783e2, type: 3}
      propertyPath: m_LocalPosition.x
      value: -0.016
      objectReference: {fileID: 0}
    - target: {fileID: 7055975721863233641, guid: eeccf26cb8eea79498dd849c75c783e2, type: 3}
      propertyPath: m_LocalPosition.y
      value: 0.372
      objectReference: {fileID: 0}
    - target: {fileID: 7055975721863233641, guid: eeccf26cb8eea79498dd849c75c783e2, type: 3}
      propertyPath: m_LocalPosition.z
      value: 0.044
      objectReference: {fileID: 0}
    - target: {fileID: 7184855410308651911, guid: eeccf26cb8eea79498dd849c75c783e2, type: 3}
      propertyPath: m_Height
      value: 1.2533048
      objectReference: {fileID: 0}
    - target: {fileID: 7184855410308651911, guid: eeccf26cb8eea79498dd849c75c783e2, type: 3}
      propertyPath: m_Center.y
      value: 0.4572932
      objectReference: {fileID: 0}
    - target: {fileID: 7184855410308651911, guid: eeccf26cb8eea79498dd849c75c783e2, type: 3}
      propertyPath: m_Center.z
      value: -0
      objectReference: {fileID: 0}
    - target: {fileID: 7536245280259220132, guid: eeccf26cb8eea79498dd849c75c783e2, type: 3}
      propertyPath: m_IsActive
      value: 0
      objectReference: {fileID: 0}
    - target: {fileID: 7650166912325478171, guid: eeccf26cb8eea79498dd849c75c783e2, type: 3}
      propertyPath: m_LocalPosition.x
      value: 0.018
      objectReference: {fileID: 0}
    - target: {fileID: 7650166912325478171, guid: eeccf26cb8eea79498dd849c75c783e2, type: 3}
      propertyPath: m_LocalPosition.y
      value: 0.889
      objectReference: {fileID: 0}
    - target: {fileID: 7650166912325478171, guid: eeccf26cb8eea79498dd849c75c783e2, type: 3}
      propertyPath: m_LocalPosition.z
      value: 0.122
      objectReference: {fileID: 0}
    - target: {fileID: 7690016014505180863, guid: eeccf26cb8eea79498dd849c75c783e2, type: 3}
      propertyPath: m_IsActive
      value: 0
      objectReference: {fileID: 0}
    - target: {fileID: 7912952329679471188, guid: eeccf26cb8eea79498dd849c75c783e2, type: 3}
      propertyPath: m_IsActive
      value: 0
      objectReference: {fileID: 0}
    - target: {fileID: 7968261673629496336, guid: eeccf26cb8eea79498dd849c75c783e2, type: 3}
      propertyPath: m_LocalPosition.x
      value: 0.002
      objectReference: {fileID: 0}
    - target: {fileID: 7968261673629496336, guid: eeccf26cb8eea79498dd849c75c783e2, type: 3}
      propertyPath: m_LocalPosition.y
      value: 0.281
      objectReference: {fileID: 0}
    - target: {fileID: 7968261673629496336, guid: eeccf26cb8eea79498dd849c75c783e2, type: 3}
      propertyPath: m_LocalPosition.z
      value: 0.03
      objectReference: {fileID: 0}
    - target: {fileID: 7968261673629496336, guid: eeccf26cb8eea79498dd849c75c783e2, type: 3}
      propertyPath: m_LocalRotation.w
      value: 0.7502839
      objectReference: {fileID: 0}
    - target: {fileID: 7968261673629496336, guid: eeccf26cb8eea79498dd849c75c783e2, type: 3}
      propertyPath: m_LocalRotation.z
      value: -0.66111577
      objectReference: {fileID: 0}
    - target: {fileID: 7968261673629496336, guid: eeccf26cb8eea79498dd849c75c783e2, type: 3}
      propertyPath: m_LocalEulerAnglesHint.z
      value: -82.77
      objectReference: {fileID: 0}
    - target: {fileID: 8099477340589880013, guid: eeccf26cb8eea79498dd849c75c783e2, type: 3}
      propertyPath: m_LocalPosition.x
      value: -0.0114
      objectReference: {fileID: 0}
    - target: {fileID: 8099477340589880013, guid: eeccf26cb8eea79498dd849c75c783e2, type: 3}
      propertyPath: m_LocalPosition.y
      value: 0.0094
      objectReference: {fileID: 0}
    - target: {fileID: 8099477340589880013, guid: eeccf26cb8eea79498dd849c75c783e2, type: 3}
      propertyPath: m_LocalPosition.z
      value: 0.0737
      objectReference: {fileID: 0}
    - target: {fileID: 8099477340589880013, guid: eeccf26cb8eea79498dd849c75c783e2, type: 3}
      propertyPath: m_LocalRotation.w
      value: -0.15625705
      objectReference: {fileID: 0}
    - target: {fileID: 8099477340589880013, guid: eeccf26cb8eea79498dd849c75c783e2, type: 3}
      propertyPath: m_LocalRotation.x
      value: 0.15625702
      objectReference: {fileID: 0}
    - target: {fileID: 8099477340589880013, guid: eeccf26cb8eea79498dd849c75c783e2, type: 3}
      propertyPath: m_LocalRotation.y
      value: 0.68962574
      objectReference: {fileID: 0}
    - target: {fileID: 8099477340589880013, guid: eeccf26cb8eea79498dd849c75c783e2, type: 3}
      propertyPath: m_LocalRotation.z
      value: 0.68962586
      objectReference: {fileID: 0}
    - target: {fileID: 8099477340589880013, guid: eeccf26cb8eea79498dd849c75c783e2, type: 3}
      propertyPath: m_LocalEulerAnglesHint.x
      value: -90
      objectReference: {fileID: 0}
    - target: {fileID: 8099477340589880013, guid: eeccf26cb8eea79498dd849c75c783e2, type: 3}
      propertyPath: m_LocalEulerAnglesHint.z
      value: -154.467
      objectReference: {fileID: 0}
    - target: {fileID: 8439567835255023207, guid: eeccf26cb8eea79498dd849c75c783e2, type: 3}
      propertyPath: m_LocalPosition.y
      value: 0.01176
      objectReference: {fileID: 0}
    - target: {fileID: 8480664813830083611, guid: eeccf26cb8eea79498dd849c75c783e2, type: 3}
      propertyPath: m_LocalPosition.x
      value: 0.031
      objectReference: {fileID: 0}
    - target: {fileID: 8480664813830083611, guid: eeccf26cb8eea79498dd849c75c783e2, type: 3}
      propertyPath: m_LocalPosition.y
      value: 0.0114
      objectReference: {fileID: 0}
    - target: {fileID: 8480664813830083611, guid: eeccf26cb8eea79498dd849c75c783e2, type: 3}
      propertyPath: m_LocalPosition.z
      value: 0.0993
      objectReference: {fileID: 0}
    - target: {fileID: 8567583940039475309, guid: eeccf26cb8eea79498dd849c75c783e2, type: 3}
      propertyPath: m_LocalPosition.x
      value: -0.00085
      objectReference: {fileID: 0}
    - target: {fileID: 8567583940039475309, guid: eeccf26cb8eea79498dd849c75c783e2, type: 3}
      propertyPath: m_LocalPosition.y
      value: 0.00443
      objectReference: {fileID: 0}
    - target: {fileID: 8567583940039475309, guid: eeccf26cb8eea79498dd849c75c783e2, type: 3}
      propertyPath: m_LocalPosition.z
      value: -0.00212
      objectReference: {fileID: 0}
    - target: {fileID: 8567583940039475309, guid: eeccf26cb8eea79498dd849c75c783e2, type: 3}
      propertyPath: m_LocalRotation.w
      value: 0.8312491
      objectReference: {fileID: 0}
    - target: {fileID: 8567583940039475309, guid: eeccf26cb8eea79498dd849c75c783e2, type: 3}
      propertyPath: m_LocalRotation.x
      value: 0.0000000452838
      objectReference: {fileID: 0}
    - target: {fileID: 8567583940039475309, guid: eeccf26cb8eea79498dd849c75c783e2, type: 3}
      propertyPath: m_LocalRotation.y
      value: -0.55590016
      objectReference: {fileID: 0}
    - target: {fileID: 8567583940039475309, guid: eeccf26cb8eea79498dd849c75c783e2, type: 3}
      propertyPath: m_LocalRotation.z
      value: 0.000000067713884
      objectReference: {fileID: 0}
    - target: {fileID: 8567583940039475309, guid: eeccf26cb8eea79498dd849c75c783e2, type: 3}
      propertyPath: m_LocalEulerAnglesHint.y
      value: -67.545
      objectReference: {fileID: 0}
    - target: {fileID: 8878293565218651808, guid: eeccf26cb8eea79498dd849c75c783e2, type: 3}
      propertyPath: m_LocalPosition.y
      value: 0.00653
      objectReference: {fileID: 0}
    - target: {fileID: 8878293565218651808, guid: eeccf26cb8eea79498dd849c75c783e2, type: 3}
      propertyPath: m_LocalPosition.z
      value: -0.0002
      objectReference: {fileID: 0}
    - target: {fileID: 9001124282125342331, guid: eeccf26cb8eea79498dd849c75c783e2, type: 3}
      propertyPath: m_IsActive
      value: 0
      objectReference: {fileID: 0}
    - target: {fileID: 9022556696803428440, guid: eeccf26cb8eea79498dd849c75c783e2, type: 3}
      propertyPath: m_LocalPosition.x
      value: -0.383
      objectReference: {fileID: 0}
    - target: {fileID: 9022556696803428440, guid: eeccf26cb8eea79498dd849c75c783e2, type: 3}
      propertyPath: m_LocalPosition.y
      value: 0.264
      objectReference: {fileID: 0}
    - target: {fileID: 9022556696803428440, guid: eeccf26cb8eea79498dd849c75c783e2, type: 3}
      propertyPath: m_LocalPosition.z
      value: 0.11
      objectReference: {fileID: 0}
    - target: {fileID: 9094207497568300030, guid: eeccf26cb8eea79498dd849c75c783e2, type: 3}
      propertyPath: m_IsActive
      value: 0
      objectReference: {fileID: 0}
    m_RemovedComponents: []
  m_SourcePrefab: {fileID: 100100000, guid: eeccf26cb8eea79498dd849c75c783e2, type: 3}
--- !u!4 &5295076905012938962 stripped
Transform:
  m_CorrespondingSourceObject: {fileID: 3521712580930319367, guid: eeccf26cb8eea79498dd849c75c783e2, type: 3}
  m_PrefabInstance: {fileID: 8765208346288192725}
  m_PrefabAsset: {fileID: 0}
